1786 3034
442 717 961 768 ADNOTA'I'IONES
998 718 1303 770 GRI'I'IGAE.

55 919 76 934 ⁸
115 935 117 939 ’
196 929 250 970 In
276 908 414 971 verbis
443 930 582 972 Ovidii
611 931 913 978 constituendis
941 932 1204 972 Ehwaldium
1234 935 1395 973 secutus
1430 947 1522 974 sum
1564 934 1634 974 du·

124 1013 215 1042 cem
243 1002 436 1054 locosque
465 1017 621 1051 omnes,
650 1004 721 1043 ubi
751 1017 776 1043 a
802 1005 1148 1055 praestantissima
1175 1005 1261 1045 eius
1304 1005 1522 1046 editione*
1551 1006 1631 1045 dis-

125 1072 356 1115 cedendum
402 1077 558 1126 putavi,
599 1077 670 1116 hic
722 1076 904 1116 afferam.
947 1076 998 1116 In
1039 1077 1378 1117 adnotationibus
1418 1079 1560 1118 littera
1602 1079 1640 1118 P

54 1143 57 1149 ¹
123 1146 268 1188 notavi
295 1147 482 1188 codicem
509 1148 750 1188 Parisinum
779 1148 885 1189 8242
902 1180 911 1196 ,
945 1149 1084 1189 littera
1112 1149 1145 1189 S
1170 1150 1354 1190 codicem
1392 1150 1633 1200 Sangallen-

58 1216 61 1217 ’
122 1229 211 1258 sem
237 1231 280 1259 n.
308 1219 399 1260 864.

769 1329 914 1371 Liber
938 1330 977 1371 I.

191 1422 267 1463 m.
301 1423 362 1463 13.
391 1424 470 1464 Et.-
499 1423 662 1464 codices
692 1447 743 1452 —
772 1425 851 1465 At:
879 1425 1063 1465 Ehwald.

49 1534 51 1539 .
192 1489 264 1536 IV.
293 1495 360 1538 46.
388 1497 503 1547 ipse:
531 1497 587 1544 P;
618 1510 726 1537 esse:
756 1497 784 1537 S
812 1521 867 1526 -
895 1511 1011 1537 ecce:
1039 1497 1087 1538 N.
1119 1499 1331 1537 Heinsius.
1374 1498 1434 1538 Of.
1475 1499 1532 1538 Π.
1571 1499 1632 1546 18,

50 1559 51 1562 “
121 1566 197 1606 20:
234 1566 307 1607 «Ei
333 1567 453 1616 mihi,
486 1569 704 1619 praeceptis
746 1582 895 1619 urgeor
922 1571 1010 1620 ipse
1038 1571 1164 1609 meis»
1199 1572 1241 1609 et
1268 1570 1324 1610 H.
1360 1571 1419 1617 19,
1450 1571 1526 1609 34:
1562 1569 1633 1609 «Ei

118 1639 240 1687 mihi,
269 1651 325 1679 ne
352 1640 526 1680 monitis
555 1642 751 1691 torquear
778 1643 867 1691 ipse
895 1642 1035 1680 meis.»

50 1719 54 1735 2
113 1740 116 1743 -
191 1711 264 1752 VI.
294 1711 360 1752 23.
388 1714 493 1764 quid
522 1713 682 1753 obstat:
711 1713 871 1752 conieci
899 1736 951 1741 -——
981 1716 1093 1764 quod
1122 1718 1265 1764 optas:
1296 1713 1468 1753 codices.
1488 1714 1632 1753 Lectio

119 1782 312 1825 codicum
340 1783 509 1824 defendi
537 1798 624 1825 non
653 1786 802 1836 potest,
834 1787 930 1836 quia
960 1798 1009 1824 ex
1037 1786 1222 1825 carmine
1256 1798 1461 1836 nusquam
1502 1786 1633 1824 elucet

51 1894 54 1898 .
119 1856 344 1896 ianitorem
385 1858 517 1907 poetae
558 1858 736 1907 gratiam
777 1857 930 1896 referre
971 1859 1146 1907 optasse.
1183 1858 1245 1896 57.
1277 1870 1299 1896 0
1328 1857 1490 1896 ianitor
1517 1857 1632 1906 ipso:

58 1931 61 1934 ’
119 1927 282 1968 conieci
307 1950 363 1958 —-
384 1931 585 1981 paratior
611 1930 723 1982 ipse:
752 1929 924 1969 codices.
957 1930 1182 1979 Corruptus
1213 1931 1275 1968 est
1301 1931 1438 1976 locus;
1469 1941 1632 1978 compa-

47 1983 58 2036 ἢ,
117 1999 277 2040 rativus
305 2002 421 2041 enim
442 2003 642 2052 paratior
669 2015 756 2041 non
786 2004 849 2041 est
878 2015 958 2053 quo
991 2001 1196 2041 referatur
1223 2003 1265 2041 et
1293 2002 1502 2040 sententia
1530 2003 1632 2040 rela-

118 2073 206 2112 tiva
233 2071 310 2124 (vs.
337 2073 412 2133 58:
447 2073 600 2122 «Quem
630 2074 718 2114 face
758 2073 988 2125 sustineo»)
1028 2075 1171 2123 inepte
1212 2074 1441 2112 secernitur
1481 2072 1532 2112 ab
1571 2074 1633 2123 iy-

45 2149 52 2166 ²
117 2145 250 2197 ‘nique
279 2145 352 2197 (vs.
383 2146 480 2198 57.)‚
510 2146 563 2186 ad
593 2146 703 2198 quod
732 2148 925 2198 pertinet.
957 2146 1103 2186 Verbis
1132 2146 1363 2185 minacibus
1393 2147 1502 2184 cei-te
1526 2146 1633 2183 iani-

117 2217 253 2257 torem
281 2218 420 2268 ipsum
451 2219 675 2269 alloquitur
702 2220 838 2269 poeta,
867 2221 913 2258 ut
934 2219 1066 2258 elucet
1091 2219 1204 2258 infra
1229 2231 1306 2257 vss,
1329 2218 1510 2257 61—62:
1538 2229 1634 2255 «nec

54 2299 56 2302 ’
117 2290 160 2328 te
186 2288 461 2340 precibusque
490 2292 703 2341 minisque
732 2291 974 2330 Movimus.»
1010 2292 1074 2330 65.
1100 2291 1352 2340 pruinas-os.-
1374 2289 1520 2339 scripsi
1540 2301 1633 2327 cum

43 2383 45 2386 v
117 2361 320 2403 Merkelio
348 2384 401 2390 -
424 2363 684 2413 pruinosus:
712 2362 755 2402 P.
788 2361 847 2402 Cf.
878 2363 909 2402 I.
946 2363 1006 2410 13,
1038 2362 1086 2401 2:
1124 2362 1272 2401 «Flava
1295 2362 1500 2411 pruinoso
1544 2373 1632 2410 quae

51 2447 53 2451 ¹
117 2432 236 2473 vehit
267 2447 348 2474 aoee
392 2434 523 2474 diem»
573 2437 615 2474 et
654 2435 756 2474 ibid.
805 2435 876 2474 10:
927 2434 1130 2474 «Roscida
1172 2446 1380 2484 purpurea
1423 2433 1633 2484 supprime

55 2548 57 2550 ,
119 2505 211 2545 lora
238 2518 402 2546 manu.»

189 2667 212 2691 *
238 2666 279 2702 P.
314 2666 473 2703 Ovidius
510 2666 626 2719 Naso.
664 2668 724 2702 Ex
760 2667 959 2712 Rudolphi
995 2666 1173 2702 Merkelii
1212 2665 1475 2711 recognitione
1514 2664 1634 2700 edidit

49 2709 53 2766 ,Ι
115 2726 164 2764 R.
190 2725 365 2764 Ehwald.
393 2727 549 2773 Lipsiae,
576 2727 618 2763 in
645 2728 792 2763 aedibus
818 2728 861 2763 B.
890 2728 932 2763 G.
960 2726 1162 2762 Teubneri.
