1786 3034
515 169 697 198 AMORUM
721 169 769 198 11.
800 167 939 199 18-19.

103 289 206 340 Aut,
241 287 361 342 quod
388 287 638 342 Penelopes
669 287 817 330 verbis
848 287 1060 330 reddatur
1091 288 1223 340 Ulixi,

165 363 408 408 Scribimus
442 366 486 406 et
517 364 742 415 lacrimas,
775 364 922 419 Phylli
957 365 1123 416 relicta,
1158 369 1271 413 tuas,

105 441 232 495 Quod
261 441 387 484 Paris
419 443 464 483 et
494 441 730 484 Macareus
754 445 798 484 et
820 441 939 496 quod
970 443 1087 484 male
1121 445 1273 497 gratus
1304 443 1406 485 Iaso

140 516 488 574 'Hippolytique
520 532 685 573 parens
716 519 1078 575 Hippolytusque
1111 520 1277 573 legant,

80 594 318 650 ·Quodque
350 598 510 638 tenens
543 597 749 639 strictum
779 596 895 638 Dido
927 598 1197 640 miserabilis
1231 612 1382 640 ensem

165 673 297 716 Dicat
328 675 373 716 et
402 673 583 725 Aeoliae,
618 675 791 725 Lesbia,
829 676 948 716 fama
979 676 1096 730 lyrae.

105 749 249 804 Quam
280 752 370 794 cito
402 751 455 794 de
491 755 586 794 toto
620 752 753 794 rediit
785 766 911 794 meus
945 753 1050 795 orbe
1085 753 1276 796 Sabinus

165 828 424 885 Scriptaque
457 829 647 873 diversis
679 831 855 872 rettulit
886 832 962 873 ille
993 832 1133 874 loeis!

105 904 305 950 Candida
333 906 557 961 Penelope
591 908 770 961 signum
802 909 1011 962 cognovit
1044 908 1197 957 Ulixis,

165 984 296 1039 Legit
327 985 381 1027 ab
412 984 664 1039 Hippolyto
700 985 866 1039 scripta
898 999 1090 1027 noverca
1123 1000 1229 1037 suo3

102 1062 201 1106 Iam
231 1062 338 1118 pius
368 1063 544 1105 Aeneas
576 1063 751 1105 miserae
784 1064 1014 1117 rescripsit
1045 1064 1214 1113 Elissae,

164 1139 379 1195 Quodque
411 1141 533 1195 legat
564 1141 748 1195 Phyllis,
784 1142 822 1183 si
855 1141 990 1184 modo
1022 1142 1145 1192 vivit,
1179 1142 1329 1193 adest;

105 1217 262 1260 Tristis
295 1217 351 1260 ad
380 1217 664 1273 Hypsipylen
697 1218 751 1260 ab
782 1219 944 1261 Iasone
978 1219 1128 1261 littera
1159 1221 1307 1270 venit;

163 1295 250 1338 Det
280 1298 431 1338 votam
461 1296 629 1338 Phoebo
663 1296 819 1338 Lesbis
853 1299 1003 1338 amata
1034 1297 1192 1351 lyram.

103 1373 195 1415 Nec
225 1373 320 1424 tibi,
356 1387 444 1428 qua
475 1376 625 1415 tutum
656 1375 760 1424 vati,
787 1374 948 1424 Macer,
974 1374 1100 1416 arma
1131 1376 1310 1417 canenti

139 1452 337 1494 ·Aureus
369 1452 417 1494 in
449 1452 599 1494 medio
632 1452 777 1494 Marte
812 1455 984 1494 tacetur
1015 1453 1177 1496 Amor:

102 1527 161 1570 Et
190 1527 316 1571 Paris
349 1531 417 1570 est
448 1517 542 1570 illic
576 1532 619 1570 et
651 1529 866 1579 adultera,
901 1530 1051 1571 nobile
1085 1530 1266 1580 crimen,

135 1605 221 1648 Et
251 1618 401 1647 comes
434 1606 628 1647 extincto
662 1606 907 1648 Laodamia
938 1608 1047 1649 viro.

105 1681 152 1725 Si
184 1683 297 1724 bene
329 1685 373 1729 te
405 1683 524 1733 novi,
560 1696 654 1725 non
687 1683 805 1726 bella
836 1684 1051 1726 libentius
1084 1685 1184 1726 istis

163 1759 286 1802 Dicis
319 1763 363 1803 et
395 1775 421 1803 a
454 1761 614 1803 vestris
646 1762 693 1803 in
725 1776 826 1804 mea
858 1766 1003 1805 castra
1035 1763 1173 1805 venis.

679 1952 795 1994 XIX.

107 2069 155 2112 Si
186 2070 270 2113 tibi
301 2084 394 2114 non
428 2085 540 2126 opus
575 2075 642 2114 est
674 2076 858 2122 servata,
895 2074 1042 2122 stulte,
1077 2073 1236 2128 puella,

162 2148 221 2190 At
251 2147 365 2190 mihi
397 2149 465 2190 fac
499 2162 661 2199 serves,
698 2163 783 2204 quo
815 2151 958 2204 magis
991 2151 1085 2204 ipse
1119 2151 1266 2193 velim.

104 2224 234 2278 Quod
253 2225 373 2276 licet,
396 2223 694 2279 ingratumst3
720 2228 839 2282 quod
859 2242 954 2270 non
976 2229 1092 2278 licet,
1118 2229 1264 2270 acrius
1285 2231 1400 2271 urit:

162 2302 353 2346 Ferreus
386 2306 464 2354 est,
499 2305 652 2359 siquis,
687 2305 807 2359 quod
840 2306 949 2348 sinit
981 2307 1104 2355 alter,
1141 2309 1274 2348 amat.

105 2379 344 2435 Speremus
375 2382 558 2436 pariter,
591 2383 759 2436 pariter
789 2386 1044 2425 metuamus
1078 2386 1291 2434 amantes,

163 2458 220 2501 Et
251 2459 386 2501 faciat
416 2462 519 2502 voto
554 2474 653 2502 rara
686 2461 866 2515 repulsa
896 2462 1072 2504 locum!

104 2534 201 2588 Quo
233 2536 346 2578 mihi
380 2538 622 2587 fortunam,
652 2552 748 2593 quae
781 2553 1029 2593 numquam
1062 2540 1215 2581 fallere
1249 2544 1403 2583 curet?

162 2613 236 2655 Nil
268 2627 364 2668 ego,
398 2615 517 2669 quod
548 2616 675 2657 nullo
707 2619 908 2670 tempore
941 2616 1086 2667 laedat,
1122 2630 1236 2659 amo.

102 2689 284 2733 Viderat
316 2691 399 2733 hoe
431 2691 479 2733 in
511 2706 581 2733 me
614 2693 774 2734 vitium
806 2695 984 2735 versuta
1016 2692 1225 2743 Corinna,

1453 157 1495 191 61

1458 618 1497 642 25

1455 1784 1495 1808 40

1472 2405 1491 2428 5
