1786 3034
227 151 296 186 ‘282
706 165 1026 195 ADNOTATIONES
1051 164 1240 195 ORITIGAE.

298 280 366 320 VI.
398 282 462 320 28.
489 282 624 332 fiunt:
655 281 802 331 scripsi
829 304 882 308 ——
909 282 1042 332 fiant:
1072 281 1246 322 codices.
1275 283 1415 322 Minus
1443 285 1537 334 apte
1565 285 1724 334 positus

224 351 387 390 videtur
415 352 714 398 coniunctivus,
744 365 838 391 cum
866 352 1069 402 praecedat
1098 353 1170 403 (vs.
1202 353 1283 405 27.)
1311 355 1470 396 vivwnt.

297 423 388 462 VII.
429 422 491 462 24.
536 423 615 462 Per
654 425 796 463 doctas
815 435 1062 463 ...manus
1079 438 1092 463 :
1131 424 1296 474 vulgata
1335 425 1481 472 lecti03
1522 426 1721 466 Perdocta

225 500 283 533 cst
302 526 310 533 .
334 525 342 533 .
365 525 373 534 .
395 507 549 532 manus
565 508 578 533 :
608 493 669 533 PS
696 517 750 521 —-
777 493 1017 534 Perdoctast
1037 525 1045 533 .
1069 526 1077 534 .
1099 526 1107 534 .
1130 508 1294 536 manu.-
1322 496 1442 536 Riese
1471 498 1512 536 et
1535 495 1719 536 Ehwald.

226 566 369 615 Inepte
397 565 599 614 repetitur
627 568 695 611 est,
725 577 818 603 cum
846 565 1052 614 praecedat
1081 565 1153 616 (vs,
1186 566 1268 617 23.)
1297 568 1422 608 illast.

297 636 368 676 IX.
399 637 461 675 36.
493 636 560 674 hic
581 665 590 675 .
612 665 621 674 .
643 665 651 674 .
673 636 804 685 facit:
833 635 994 675 codices
1024 659 1075 664 —-
1092 637 1173 676 huc
1193 668 1202 676 .
1225 668 1233 676 .
1255 667 1265 678 .
1284 637 1392 688 facit
1406 651 1420 678 .·
1436 637 1486 677 N.
1506 637 1721 683 Heinsius,

227 706 334 758 quod
361 719 449 745 non
477 707 538 745 est
565 707 866 753 necessarium;
894 707 1000 757 facit
1026 707 1140 746 enim
1167 707 1248 746 hoc
1274 708 1365 747 loco
1403 707 1516 748 idem
1556 708 1640 748 fere
1670 709 1722 747 si·
1772 715 1774 717 ’

225 777 403 826 gnificat,
434 777 543 827 quod
571 777 689 816 valet.
721 777 784 816 51.
814 781 1036 827 royantem
1052 791 1065 817 .·
1093 777 1126 816 P
1154 791 1205 817 m.
1238 791 1267 817 s.
1298 801 1352 806 —
1383 779 1545 830 Cupido
1563 793 1576 820 :
1606 779 1640 819 P
1667 792 1721 818 m.

225 863 262 899 p.
294 851 336 888 et
363 849 520 888 codices
550 849 709 899 reliqui,
740 848 811 887 sed
840 849 983 898 inepta
1011 850 1072 887 est
1099 849 1289 900 repetitio
1318 850 1503 890 nominis
1541 852 1635 902 post
1661 863 1721 890 VS.

224 921 301 966 47..
331 920 401 958 ubi
429 921 551 970 poeta
580 920 664 959 iam
694 921 892 960 allocutus
921 922 983 959 est
1012 920 1268 970 Cupidinem.

296 992 367 1030 XI.
400 993 435 1031 9.
472 991 638 1038 Quam:
669 993 813 1043 scripsi
841 1016 893 1020 —
927 991 1067 1039 Quid.-
1097 992 1268 1033 codices.
1299 994 1440 1032 Minus
1467 995 1561 1044 apte
1588 994 1723 1043 iungi-

227 1066 293 1101 tux
340 1062 450 1110 Quid
502 1076 594 1102 cum
635 1065 760 1102 timeo
802 1076 934 1114 neque
976 1063 1171 1103 idoneum
1211 1064 1338 1104 efficit
1377 1077 1555 1104 sensum.
1597 1065 1724 1104 Poeta

226 1136 321 1173 ante
350 1135 488 1173 oculos
516 1134 709 1173 habuisse
738 1134 900 1173 videtur
934 1135 1050 1186 Prop.
1095 1136 1149 1174 H.
1194 1136 1257 1183 26,
1302 1136 1348 1176 7:
1383 1136 1547 1184 «Quam
1586 1136 1720 1182 timui,

226 1218 277 1244 ne
306 1206 410 1244 forte
439 1208 555 1244 tuum
585 1219 699 1244 mare
727 1218 880 1245 nomen
908 1207 1112 1245 haberet.»
1148 1207 1209 1246 21.
1241 1212 1310 1247 at:
1337 1207 1502 1257 vulgata
1528 1207 1651 1246 lectio
1670 1230 1723 1234 -—

225 1280 306 1316 ad:
336 1276 408 1316 PS.
441 1278 502 1316 22.
536 1279 745 1317 credenti:
774 1278 938 1326 vulgata
965 1277 1085 1316 lectio
1111 1301 1164 1306 -—
1184 1280 1415 1328 quaerenti:
1433 1278 1477 1318 P.
1497 1277 1724 1328 Utrobique

224 1348 524 1398 praeferendam
571 1361 659 1387 esse
704 1349 913 1398 vulgatam
957 1350 1178 1389 lectionem
1223 1351 1357 1401 primo
1398 1350 1538 1389 statim
1579 1348 1725 1389 obtutu

225 1422 405 1469 apparet.
442 1420 503 1459 25.
547 1432 655 1470 qua:
696 1421 741 1460 N.
785 1420 1004 1467 Hcinsius;
1047 1422 1174 1471 quia:
1215 1421 1248 1460 P
1289 1445 1340 1449 ——
1381 1434 1503 1461 cum:
1544 1420 1722 1470 Gruppe.

227 1491 471 1530 Coniectura
498 1491 662 1529 Heinsii
691 1491 793 1542 (qua
815 1508 861 1524 z
883 1491 968 1542 ubi)
999 1493 1201 1541 optimum
1231 1491 1356 1531 efficit
1384 1503 1551 1530 sensum
1569 1492 1611 1530 et
1629 1503 1721 1541 pro-

225 1562 332 1599 xime
362 1559 519 1599 accedit
547 1561 599 1599 ad
627 1561 808 1599 Parisini
835 1562 1066 1600 lectionem.

296 1631 411 1670 XIII.
449 1632 505 1670 18.
539 1634 699 1681 tangit:
730 1633 874 1682 scripsi
908 1655 956 1660 -—
1000 1633 1152 1683 tinyit:
1190 1632 1360 1672 codices.
1402 1633 1536 1672 Locus
1563 1634 1722 1672 concla-

227 1704 381 1740 matus!
410 1703 540 1741 Plana
568 1702 674 1740 fiunt
703 1704 854 1748 omnia,
885 1705 919 1741 si
948 1703 997 1741 de
1027 1703 1112 1742 aede
1139 1703 1261 1743 Isidis
1289 1705 1334 1742 in
1377 1703 1532 1754 Campo
1570 1704 1721 1743 Martio

227 1776 305 1812 sita
334 1775 570 1823 cogitamus,
602 1787 688 1824 quae
716 1774 877 1825 Ioseph.
919 1774 1007 1814 bell.
1050 1775 1138 1814 Iud.
1181 1775 1272 1815 VII.
1319 1775 1405 1821 123,
1447 1775 1624 1814 Martial.
1666 1774 1721 1814 H.

230 1847 288 1885 14.
322 1847 356 1893 7,
386 1845 503 1895 Apul.
535 1847 631 1885 Met.
661 1846 734 1885 XI.
765 1847 827 1893 26,
860 1846 970 1887 Cass,
998 1847 1063 1886 Di.
1104 1847 1248 1887 LXVI.
1291 1847 1352 1887 24.
1395 1846 1432 1894 2,
1472 1847 1579 1886 Hist.
1621 1846 1724 1895 Aug.
1782 1849 1783 1852 ’

226 1918 338 1956 Alex,
369 1916 456 1956 sev.
489 1918 550 1955 26.
582 1918 618 1963 8,
648 1917 814 1967 Eutrop.
846 1917 934 1956 VII.
966 1917 1028 1956 23.
1059 1918 1097 1956 5.
1127 1919 1481 1956 commemoratur.
1511 1915 1569 1956 Of.
1601 1929 1725 1966 supra

226 1988 319 2026 adn.
352 2000 461 2037 exeg.
494 1987 544 2025 ad
574 1988 612 2025 h.
644 1989 668 2026 1.

296 2058 381 2097 XV.
417 2058 477 2097 11.
507 2059 541 2097 si
571 2059 743 2108 cupiam
771 2059 981 2098 dominae:
1011 2059 1178 2107 scripsi;
1219 2062 1256 2097 te
1297 2059 1470 2109 cupiam
1508 2058 1724 2097 dominae:

225 2128 287 2168 PS
316 2153 367 2155 -—-
397 2133 435 2167 te
464 2129 646 2178 cupiam,
676 2130 863 2175 domina,
893 2133 931 2167 et
948 2142 959 2167 .·
997 2127 1172 2177 Madvig.
1212 2128 1478 2167 Desideratur
1517 2129 1723 2166 sententia

225 2200 504 2250 hypothetica,
535 2212 705 2249 quacum
734 2199 985 2248 iungendum
1016 2198 1088 2248 (vs,
1123 2198 1201 2248 13.)
1231 2199 1390 2238 Elabar
1417 2199 1560 2251 diqitO.
1593 2198 1654 2238 19.
1675 2198 1743 2237 Si»

227 2272 398 2309 trahar:
428 2271 595 2320 scripsi;
627 2269 675 2309 Si
703 2271 861 2310 dabor:
891 2269 1049 2308 codices
1079 2292 1131 2296 ——
1160 2268 1226 2308 Sit
1254 2270 1398 2308 labor:
1428 2268 1610 2308 Ehwald.
1652 2269 1723 2308 In-
1779 2317 1783 2323 .

226 2341 394 2390 tellege:
425 2343 459 2380 si
487 2343 621 2392 puella
649 2355 714 2381 me
745 2342 871 2390 digito
901 2341 1114 2380 detrahere
1142 2341 1263 2380 volet.
1295 2341 1356 2380 24.
1386 2341 1462 2379 sub
1491 2352 1723 2391 ycmmam:

224 2413 429 2451 Lucianus
458 2414 628 2452 Mueller
659 2437 708 2442 —
737 2414 810 2452 sub
840 2426 1030 2463 yemma:
1061 2412 1232 2451 codices.
1271 2412 1409 2461 perfer
1448 2412 1615 2451 euntis:
1655 2423 1722 2449 00-
1776 2400 1778 2406 Χ

227 2484 336 2522 dices
364 2507 416 2511 ——
444 2486 508 2534 fer
530 2486 772 2535 pereuntis:
801 2485 950 2523 Dousa.
980 2483 1124 2532 Agitur
1153 2483 1203 2521 de
1233 2482 1398 2528 damno,
1443 2493 1520 2531 quo
1560 2490 1725 2530 gemma

227 2555 403 2594 afficitur
431 2569 536 2607 aqua
565 2556 774 2595 subeunte.

296 2628 405 2667 XVI.
432 2628 524 2667 Vss.
555 2628 724 2667 25—-26
752 2628 889 2665 versui
917 2627 980 2666 ⁰23.
1018 2627 1223 2676 praeponit
1261 2623 1443 2670 Ehwald,
1488 2622 1595 2673 quod
1635 2635 1720 2661 non

225 2702 286 2737 est
326 2701 614 2739 necessarium.
657 2700 717 2738 25.
761 2711 891 2748 quas:
933 2698 1100 2746 scripsi;
1130 2709 1241 2746 qua:
1270 2695 1302 2734 P
1330 2718 1382 2722 ——
1409 2707 1530 2745 quae:
1559 2693 1597 2734 S.
1626 2693 1724 2732 Mea
