1786 3034
263 154 318 187 -60
796 171 985 207 ..4110311111
1009 172 1056 201 11.
1087 171 1227 203 17—18.

393 270 396 274 ’
446 286 544 328 Non
578 287 660 328 erit
692 287 764 328 hic
796 287 925 329 nobis
958 288 1216 332 infitiandus
1248 304 1383 333 amor.

389 361 500 403 Sunt
530 363 643 403 mihi
674 377 753 416 pro
787 376 948 416 magno
982 364 1127 407 felicia
1159 367 1357 408 carmina
1387 380 1534 417 censii,

445 440 502 481 Et
532 440 684 481 multae
716 454 795 494 per
825 454 896 482 me
928 455 1095 483 nomen
1127 443 1288 484 habere
1320 444 1517 495 volunt3v
1577 458 1579 462 ·
1743 493 1746 497 ,

386 516 496 557 Novi
529 516 737 569 aliquam,
773 530 867 570 quae
900 531 946 559 se
979 514 1258 561 circumferat
1289 533 1384 561 esse
1417 518 1683 564 Corinnam:

344 612 383 636 30
446 593 506 635 Ut
534 592 624 643 fiat,
659 594 764 647 quid
796 608 887 636 non
919 595 998 636 illa
1030 595 1202 637 dedisse
1233 596 1374 638 velit?

387 668 471 710 Sed
502 683 645 724 neque
679 670 838 712 diversi
871 672 969 725 ripa
998 672 1206 714 labentur
1237 673 1390 716 eadem

444 745 650 800 Frigidus
682 747 871 790 Eurotas
903 750 1209 804 populiferque
1240 750 1397 801 Padus,

382 824 470 864 Nec
501 825 590 866 nisi
623 828 671 866 tu
703 826 868 867 nostris
901 827 1152 869 cantabitur
1181 828 1275 869 ulla
1304 827 1524 870 libellis:·.
1562 854 1566 860 ·
1596 850 1599 852 >

442 900 627 953 Ingenio
661 914 815 943 causas
849 903 897 943 tu
929 902 1052 944 dabis
1083 917 1175 945 una
1205 917 1318 945 meo.

926 1091 1083 1133 XVIII.

382 1205 569 1248 Carmen
602 1207 658 1248 ad
687 1208 852 1250 iratum
885 1209 990 1250 dum
1020 1212 1069 1250 tu
1100 1210 1302 1267 perducis
1333 1211 1538 1254 Achillen

438 1282 671 1336 Primaque
703 1284 859 1326 iuratis
890 1284 1040 1327 induis
1073 1300 1196 1327 arma
1226 1287 1345 1336 viris,

377 1358 481 1408 Nos,
513 1359 670 1409 Macer,
706 1360 868 1413 ignava
898 1361 1082 1403 Veneris
1115 1375 1338 1405 cessamus
1370 1365 1418 1405 in
1449 1365 1616 1416 umbra,

439 1435 496 1476 Et
528 1438 654 1476 tener
686 1448 872 1478 ausuros
905 1439 1091 1491 grandia
1123 1441 1287 1493 frangit
1316 1441 1466 1484 Amor.

333 1532 351 1554 5
377 1512 498 1566 Saepe
530 1527 638 1555 meae
677 1514 903 1556 «tandem»
943 1515 1030 1557 dixi
1069 1516 1291 1558 «discede»
1328 1518 1513 1571 puellae:
1579 1575 1581 1578 Α

439 1591 492 1631 In
523 1592 693 1644 gremio
726 1592 839 1633 sedit
871 1594 1074 1646 protinus
1106 1594 1185 1649 illa
1215 1607 1315 1636 meo
1333 1610 1342 1644 ;

379 1666 500 1721 Saepe
539 1668 720 1722 «pudet»
760 1669 872 1710 dixi:
905 1670 1099 1712 lacrimis
1131 1671 1203 1712 vix
1234 1671 1312 1712 illa
1343 1672 1526 1714 retentis

443 1744 538 1785 «Me
572 1746 793 1794 miseram,
827 1747 918 1787 iam
950 1749 1018 1787 te»
1055 1747 1165 1789 dixit
1202 1761 1375 1790 «amare
1406 1748 1597 1803 pudeta·

378 1820 673 1875 Inplicuitque
707 1835 810 1863 suos
843 1823 1007 1864 circum
1037 1837 1136 1865 mea
1168 1824 1284 1865 colla
1313 1825 1501 1867 lacertos

315 1915 354 1939 10
435 1895 502 1945 Et,
539 1910 632 1950 quae
664 1911 735 1938 me
766 1898 970 1950 perdunt,
1006 1900 1155 1940 oscula
1185 1900 1307 1941 mille
1339 1899 1471 1942 dedit.

376 1971 549 2021 vincor,
576 1976 618 2013 et
650 1974 879 2026 ingenium
911 1976 1098 2028 sumptis
1131 1979 1360 2017 revocatur
1391 1977 1445 2018 ab
1477 1981 1623 2028 armis,

434 2049 606 2102 Resque
639 2050 758 2091 domi
790 2054 935 2104 gestas
969 2055 1011 2092 et
1042 2066 1142 2094 mea
1171 2053 1288 2094 bella
1319 2067 1441 2096 cano.

379 2124 558 2178 Sceptra
590 2129 740 2167 tamen
774 2127 954 2180 sumpsi,
980 2141 1169 2181 curaque
1200 2129 1414 2183 tragoedia
1443 2132 1595 2172 nostra

439 2200 595 2252 Crevit,
631 2205 673 2243 et
705 2203 808 2244 huic
841 2204 962 2257 operi
995 2205 1236 2257 quamlibet
1269 2209 1398 2258 aptus
1430 2219 1575 2249 eram:

315 2297 352 2320 15
376 2278 491 2319 Risit
521 2279 658 2320 Amor
687 2276 938 2334 pallamque
969 2294 1114 2322 meam
1146 2281 1374 2335 pictosque
1405 2283 1644 2326 cothurnos

436 2354 700 2409 Sceptraque
732 2347 909 2410 privata·
934 2360 1026 2398 tam
1059 2358 1146 2398 cito
1180 2360 1357 2411 sumpta
1387 2373 1547 2410 manu3

374 2429 489 2472 Hinc
523 2445 694 2485 quoque
725 2445 794 2473 me
828 2432 1016 2473 dominae
1049 2446 1215 2474 numen
1247 2433 1424 2476 deduxit
1453 2435 1628 2490 iniquae,

431 2507 583 2560 Deque
615 2509 876 2550 cothurnato
909 2512 1009 2550 vate
1041 2509 1287 2563 triumphat
1316 2511 1462 2553 Amor.

373 2583 497 2634 Quod
529 2585 644 2634 licet,
680 2588 756 2627 aut
789 2588 904 2627 artes
935 2586 1077 2627 teneri
1109 2585 1366 2639 profitemur
1394 2587 1582 2637 Amoris,
1632 2588 1634 2592 ’

310 2677 350 2702 20
431 2660 497 2710 (Ei
530 2661 666 2703 mihi!
700 2663 928 2716 praeceptis
959 2675 1118 2715 urgeor
1147 2663 1242 2715 ipse
1274 2662 1400 2714 meis)
