1786 3034
255 151 300 187 56
785 169 964 198 AMORUM
988 169 1034 197 11.
1064 167 1202 198 14—15.

374 285 564 339 Utraque
598 300 712 327 saeva
743 300 928 354 parens:
964 287 1039 328 sed
1070 287 1270 328 tristibus
1301 290 1484 341 utraque
1512 277 1662 332 'causis

430 365 603 406 Iactura
634 364 741 405 socii
774 364 1002 417 sanguinis
1034 365 1128 406 ulta
1157 366 1313 408 virum.

373 441 526 491 Dicite,
563 441 659 494 quis
692 442 863 490 Tereus,
900 441 995 494 quis
1026 455 1104 482 vos
1137 442 1289 483 inritet
1319 443 1418 485 Iaso

430 518 584 572 Figere
619 518 808 559 solh'cita
840 531 1023 571 corpora
1053 507 1198 559 vestra
1228 522 1398 561 manu?

313 614 349 637 85
372 594 468 636 Hoc
499 609 641 648 neque
673 595 720 635 in
752 595 973 636 Armeniis
1004 595 1139 648 tigres
1171 596 1310 637 fecere
1342 596 1533 647 latebris,
1575 601 1581 605 ⁴

430 674 613 716 Perdere
645 688 726 715 nec
759 675 873 715 fetus
906 687 1013 715 ausa
1044 675 1183 715 leaena
1216 687 1343 725 suos;

371 751 427 791 At
456 753 616 792 tenerae
650 751 828 799 faciunt,
864 751 940 791 sed
970 765 1062 792 non
1094 751 1272 804 inpune,
1306 751 1490 804 puellae:
1532 786 1534 791 ,

434 827 566 882 Saepe,
604 842 705 869 suos
738 830 862 868 utero
896 841 990 881 quae
1022 830 1161 876 necat,
1196 828 1294 882 ipsa
1325 829 1451 882 perit.
1502 835 1504 837 ’

371 905 474 958 Ipsa
503 906 617 958 perit
648 906 869 958 ferturque
901 918 1007 958 rogo
1039 905 1233 946 resoluta
1265 905 1458 958 capillos,
1520 911 1523 915 “

311 1001 349 1025 4ο
430 981 486 1024 Et
517 983 710 1023 clamant
749 982 971 1031 «merito»,
1007 981 1082 1034 qui
1112 981 1243 1022 modo
1277 995 1462 1036 cumque
1492 982 1656 1025 vident.

371 1059 462 1100 Ista
494 1059 571 1099 sed
602 1059 804 1100 aetherias
836 1061 1075 1099 vanescant
1107 1058 1222 1099 dicta
1252 1072 1331 1111 per
1362 1072 1502 1109 auras,

429 1136 485 1176 Et
516 1136 606 1177 sint
638 1135 858 1176 ominibus
890 1135 1085 1188 pondera
1115 1135 1241 1176 nulla
1272 1135 1406 1185 meis3

370 1212 428 1254 Di
459 1213 621 1262 faciles
656 1227 858 1267 peccasse
891 1213 1027 1254 semel
1059 1212 1283 1253 concedite
1313 1214 1435 1254 tuto:

430 1289 486 1331 Et
518 1290 624 1331 satis
657 1292 746 1338 est;
781 1303 957 1342 poenam
991 1289 1119 1342 culpa
1152 1288 1343 1329 secunda
1374 1289 1510 1330 ferat!

951 1479 1040 1520 XV.

370 1599 524 1649 Anule‚
559 1600 760 1641 formosae
794 1599 979 1653 digitum
1010 1599 1207 1639 vincture
1239 1596 1410 1652 puellae,

428 1677 481 1717 In
513 1690 598 1729 quo
630 1677 899 1717 censendum
930 1677 996 1718 nil
1026 1676 1115 1717 nisi
1147 1676 1292 1716 dantis
1324 1688 1457 1724 amor,

369 1751 532 1794 Munus
566 1767 638 1794 eas
671 1756 868 1806 gratum3
902 1757 943 1794 te
976 1754 1077 1794 laeta
1108 1755 1255 1794 mente
1286 1754 1510 1805 receptum

427 1829 634 1870 Protinus
668 1830 863 1871 articulis
895 1830 1050 1872 induat
1081 1831 1160 1872 illa
1193 1831 1284 1872 suis
1298 1844 1308 1879 ;

329 1925 346 1949 ε
371 1906 476 1947 Tam
506 1907 616 1947 bene
650 1908 895 1957 convenias,
932 1921 1063 1961 quam
1093 1922 1266 1950 mecum
1299 1911 1504 1951 convenit
1533 1910 1612 1958 ini,

428 1983 483 2024 Et
515 1983 700 2036 digitum
732 1985 849 2025 iusto
883 1985 1138 2026 commodus
1172 1987 1273 2027 orbe
1305 1987 1449 2028 teras!
1477 1999 1479 2001 ’

368 2059 501 2109 Felix,
537 2075 562 2101 a
594 2061 773 2102 domina
803 2062 1069 2112 tractaberis,
1104 2064 1248 2112 anule,
1282 2067 1459 2106 nostra:

427 2136 607 2178 Invideo
641 2137 767 2178 donis
799 2138 888 2178 iam
919 2139 1053 2179 miser
1083 2139 1177 2192 ipse
1208 2141 1332 2182 meis.

370 2213 404 2255 O
436 2214 607 2255 utinam
637 2214 732 2255 fieri
765 2215 908 2256 subito
940 2230 1038 2257 mea
1068 2231 1253 2258 munera
1282 2231 1460 2271 possem

309 2309 346 2333 ιο
426 2291 603 2332 Artibus
634 2291 770 2332 Aeaeae
803 2290 1079 2345 Carpathiive
1112 2294 1256 2335 senis!

369 2366 487 2407 Tunc
519 2381 610 2420 ego,
646 2368 684 2408 si
716 2369 887 2421 cupiam
922 2369 1109 2410 dominae
1140 2371 1337 2423 tetigisse
1368 2372 1557 2425 papillas

426 2442 482 2484 Et
511 2444 665 2485 laevam
697 2446 859 2486 tunicis
890 2447 1129 2488 inseruisse
1160 2439 1354 2498 manum,

365 2518 527 2564 Elabar
557 2523 693 2577 digito
726 2525 923 2577 quamvis
958 2527 1168 2578 angustus
1201 2528 1243 2566 et
1275 2526 1444 2566 haerens

425 2600 566 2655 Inque
599 2603 744 2644 sinum
777 2606 889 2645 mira
920 2604 1044 2645 laxus
1077 2605 1130 2645 ab
1163 2606 1254 2645 arte
1287 2604 1464 2654 cadam3

308 2695 343 2720 ιε
366 2677 488 2723 Idem
521 2697 612 2740 ego,
646 2689 695 2727 ut
727 2700 907 2727 arcanas
939 2685 1107 2739 possim
1141 2685 1312 2737 signare
1343 2683 1540 2733 tabellas,
