1786 3034
14 209 21 218 φ
12 183 22 194 ι
14 121 20 128 ..
14 111 18 114 ·
6 0 40 104 ‹te-’055‘

660 176 717 209 AD
738 177 768 205 1.
795 174 827 215 1,
850 175 994 206 21-30.
1514 163 1578 198 101

16 318 19 320 —
74 294 142 332 tm·
167 295 290 347 yravi
314 307 493 334 numero
523 306 648 344 supra
675 307 731 333 vs.
768 295 800 333 1.
832 296 1166 334 commemorato.
1187 317 1240 321 —
1270 295 1353 333 Aut
1368 308 1478 345 puer
1506 299 1582 333 aut

14 363 15 366 '
75 365 223 417 &myas
249 370 419 416 compta
442 366 590 416 puella
632 378 783 414 eomas,
826 366 874 406 cf.
904 365 1023 405 Lucr.
1053 364 1123 406 IV.
1158 365 1447 405 1052—1054:
1483 365 1581 405 «Ve-

14 437 20 440 ”
75 436 188 476 neris
229 437 299 487 qui
338 437 433 477 telis
461 437 613 488 accipit
652 438 770 484 ictus
814 436 908 476 Sive
948 449 1052 487 puer
1080 436 1278 476 membris
1312 436 1582 476 muliebribus

12 494 18 523 γ’
75 507 188 548 huno
214 507 427 554 iaculatur,
459 507 541 548 Seu
570 509 718 548 mulier
745 510 834 547 toto
862 509 1021 547 iactans
1042 520 1063 546 e
1084 519 1256 558 corpore
1285 519 1507 546 amoremn.
1530 531 1583 536 —

15 591 17 594 ’
77 579 224 630 lonqas
252 585 421 630 compta
440 611 449 620 .
472 611 480 620 .
504 612 512 620 .
545 593 696 626 comas,
734 582 860 631 poeta
900 582 997 619 ante
1040 582 1180 620 oculos
1210 580 1356 619 habuit
1383 580 1512 630 Lygd.
1545 581 1580 620 2.

11 659 14 662 '
78 651 151 690 11:
186 652 354 701 «longos
380 652 598 703 incompta
626 653 834 702 capillos.»

146 720 195 763 V.
225 721 398 763 21—24.
426 725 634 774 pharetra
656 754 664 763 .
687 755 695 763 .
719 755 727 763 .
759 725 896 763 soluta
925 725 1045 774 Leyit
1065 754 1073 762 .
1097 754 1104 762 .
1129 754 1137 761 .
1166 724 1345 773 spicula,
1388 723 1585 773 pharetra

77 784 242 846 aperta;
273 795 454 835 habebat
481 797 596 836 enim
625 797 825 847 pharetra
854 796 1105 846 operculum,
1138 795 1246 845 quod
1276 795 1417 835 Graece
1458 795 1585 847 πῶμα

64 866 308 907 ,νοοαὴαῢῠι
339 865 400 908 Gf.
430 869 554 908 Hom.
585 869 634 907 ΙΙ.
664 869 734 908 IV.
770 869 857 907 116.
891 868 958 918 (de
987 867 1220 918 Pandaro):
1251 864 1392 920 Αὐτὰρ
1424 865 1448 906 ὁ
1478 864 1586 906 σύλα

77 939 203 990 πῶμα
243 937 475 992 φαρέτρης,
521 937 568 978 ἐκ
598 935 743 979 ὃ’ἕλετ’
775 937 842 978 ἰόν
870 941 911 977 et
940 938 1011 977 Ov.
1043 938 1139 977 Met.
1172 938 1218 977 V.
1251 938 1475 977 379—381.
1517 936 1584 987 (de

11 1040 14 1042 .
76 1008 272 1062 Amore):
306 1011 399 1050 «ine
428 1011 672 1062 pharetram
702 1010 836 1050 Solvit
856 1012 896 1050 et
926 1009 1096 1049 arbitrio
1126 1010 1271 1048 matris
1301 1009 1350 1048 de
1380 1010 1492 1047 mille
1523 1022 1584 1048 sa-

77 1080 192 1130 gittis
219 1080 359 1121 Unam
402 1083 627 1133 seposuit».
659 1106 711 1110 -—
739 1083 872 1132 Legit,
917 1083 1049 1131 elegit.
1079 1105 1133 1109 —
1161 1082 1430 1132 Lunavitque
1472 1094 1586 1132 qen-u

76 1153 298 1192 sinuosum
324 1154 491 1205 fortiter
530 1166 692 1202 arcum,
733 1155 758 1193 i.
803 1167 834 1192 e.
879 1155 1053 1193 alterum
1096 1166 1225 1192 cornu
1254 1166 1371 1191 arcus
1400 1154 1446 1191 in
1475 1155 1587 1192 terra

78 1222 282 1274 deposuit,
311 1225 432 1264 alteri
462 1226 601 1264 autem
631 1238 742 1275 genu
769 1226 939 1264 innixus
970 1227 1032 1264 est
1051 1226 1189 1275 itaque
1211 1226 1407 1271 curvavit,
1428 1226 1474 1263 ut
1494 1237 1587 1263 ner·

77 1307 174 1335 vum
202 1296 427 1355 insereret;
457 1308 609 1336 nervus
639 1298 755 1336 enim
783 1298 881 1335 ante
910 1310 1042 1342 usum,
1073 1298 1119 1335 ut
1148 1309 1311 1346 semper
1339 1295 1448 1346 apud
1477 1298 1585 1335 vete-

76 1378 154 1414 res,
184 1367 313 1406 altero
356 1369 521 1407 tantum
562 1368 645 1407 fine
689 1369 778 1407 erat
819 1369 932 1406 arcui
973 1369 1165 1406 insertus.
1211 1367 1270 1407 Cf.
1303 1366 1374 1406 Ov.
1407 1368 1503 1406 Met.
1536 1368 1583 1406 V.

78 1437 158 1477 383
173 1437 240 1490 (de
253 1438 450 1491 Amore):
485 1439 792 1491 «Oppositoque
821 1453 930 1490 genu
959 1441 1143 1479 curvavit
1171 1439 1305 1479 flexile
1326 1453 1521 1479 cornum»
1547 1442 1588 1478 et

77 1508 200 1550 Hom.
229 1510 276 1550 IL
307 1511 378 1551 IV.
413 1511 729 1558 ile—113,·ubi
749 1511 976 1558 Pandarus,
1007 1513 1231 1562 antequam
1261 1513 1454 1560 sagittam
1475 1512 1588 1550 arcui

78 1581 366 1631 imposuisset:
383 1582 445 1627 τὸ
468 1582 633 1633 (τόξον)
649 1581 726 1636 μὲν
745 1578 795 1623 εὖ
810 1578 1020 1635 κατέθηκε
1034 1580 1364 1635 τανυσσάμενος,
1381 1580 1477 1621 ποτὶ
1492 1581 1589 1635 γαίῃ

7 1670 15 1697 ,1
79 1646 280 1705 ἀγκλίνας.
323 1675 375 1680 —-
417 1654 614 1701 Ιηιηαυίτ,
658 1654 843 1692 curvavit
879 1654 926 1692 in
968 1653 1146 1692 formam
1186 1653 1294 1691 lunae
1337 1651 1585 1699 dimidiata

0 1726 2 1728 ’
77 1726 203 1775 poeta
229 1726 328 1765 ante
355 1726 498 1766 oculos
527 1726 676 1765 habuit
704 1725 825 1775 Prop.
855 1725 924 1763 IV.
957 1726 992 1771 6,
1025 1725 1098 1763 25:
1133 1724 1341 1763 «Tandem
1384 1725 1492 1763 acies
1521 1737 1587 1773 ge-

80 1796 218 1835 minos
244 1795 402 1836 Nereus
430 1798 598 1836 lunarat
624 1797 671 1835 in
700 1809 858 1835 arcus».

151 1867 199 1907 V.
229 1868 400 1908 25—30.
437 1868 554 1916 Uror,
585 1881 639 1907 sc.
671 1881 823 1907 amore.
856 1890 909 1894 —
936 1869 985 1906 in
1013 1880 1144 1906 vacuo
1171 1873 1348 1918 pectore,
1371 1868 1467 1918 qula
1487 1869 1586 1906 ami-

81 1950 171 1978 cam
199 1939 388 1980 nondum
417 1939 564 1987 ha-bet;
597 1952 647 1979 ex
675 1940 798 1990 Prop.
828 1940 859 1978 I.
897 1939 955 1986 10,
987 1939 1171 1978 29—30:
1206 1939 1268 1977 «IS
1309 1940 1463 1988 POssffl'it
1491 1939 1590 1977 felix

4 2013 45 2034 ι.
81 2022 166 2050 una
191 2023 405 2051 remanere
435 2013 586 2063 puella,
616 2011 697 2059 Qui
726 2023 955 2061 numquam
984 2023 1113 2049 vacuo
1142 2012 1308 2060 pectore
1336 2010 1443 2049 liber
1471 2011 1587 2049 erit».

7 2086 17 2131 ’ἢ

82 2081 142 2122 cf.
173 2081 246 2122 Ov,
276 2082 391 2122 Rem.
415 2083 492 2123 752
509 2098 518 2122 ε
552 2083 686 2123 «Dum
702 2082 807 2122 bene
824 2082 874 2121 de
888 2095 1017 2122 vacuo
1035 2084 1201 2132 pectore
1222 2082 1342 2121 cedat
1362 2094 1515 2121 amor».
1538 2105 1589 2108 —e

0 2150 26 2216 {5
74 2153 195 2195 Sex.
219 2186 228 2196 .
249 2185 258 2194 .
292 2155 494 2202 numer-is,
537 2154 722 2205 pedibus.
768 2177 822 2181 -
861 2154 1016 2193 Ferrea
1036 2183 1044 2192 .
1068 2183 1076 2191 .
1099 2183 1108 2191 .
1141 2153 1259 2202 bella,
1302 2153 1494 2192 crudelia.
1537 2176 1590 2180 —

0 2268 23 2299 ες,

3 2216 26 2268 3
82 2227 226 2266 vestris
245 2255 256 2266 .
277 2255 286 2265 .
307 2256 316 2265 .
358 2229 508 2275 modis,
551 2227 806 2266 hexametris
854 2226 944 2265 sine
987 2227 1260 2276 pentametro.
1311 2248 1364 2252 —
1415 2224 1591 2275 Cinyere

2 2298 23 2340 ἕ
84 2297 233 2338 litorea
261 2299 465 2350 flaventia
494 2303 687 2348 tempora
715 2301 865 2347 myrto,
897 2297 1031 2344 Musa,
1074 2298 1197 2347 poeta
1225 2298 1321 2335 ante
1351 2297 1489 2334 oeulos
1518 2296 1590 2334 ha-

0 2418 27 2512 ἒ

3 2614 28 2703 ἱ

0 2357 20 2390 '⁵
83 2359 174 2408 buit
200 2364 301 2410 Hor.
332 2369 467 2410 Carm.
497 2371 570 2409 ΠΙ.
603 2371 667 2416 30,
702 2370 883 2409 15—16:
918 2369 1048 2408 «mihi
1075 2368 1280 2418 Delphica
1308 2367 1443 2406 Lauro
1474 2369 1591 2416 cinge

83 2442 240 2488 volens,
268 2443 545 2494 Melpomene,
576 2456 772 2483 comam.»
807 2465 857 2470 —
893 2442 1069 2491 Cingere
1090 2472 1098 2480 .
1121 2471 1129 2480 .
1152 2471 1160 2480 .
1192 2446 1340 2491 myrto,
1356 2454 1443 2479 non
1461 2441 1590 2486 lauro,

13 2546 16 2551 .
86 2524 186 2552 nam
212 2516 372 2566 myrtus
401 2514 555 2554 Veneri
585 2527 700 2554 sacra
729 2514 925 2553 convenit
953 2512 1083 2551 Musae
1113 2525 1284 2562 poeseos
1314 2511 1489 2551 eroticae.
1531 2510 1589 2550 Cf.

84 2584 195 2624 infra
220 2586 252 2625 I.
288 2586 347 2632 15,
379 2586 441 2626 37.
469 2586 615 2637 (poeta
634 2586 684 2625 de
706 2587 789 2635 se):
818 2585 1157 2634 «Sustineamque
1187 2597 1306 2622 coma
1334 2584 1592 2622 metuentem

62 2655 242 2705 ,frigora
269 2659 487 2708 myrtum.»
521 2657 659 2708 Myrto
689 2658 869 2706 cingitur
898 2658 1026 2695 etiam
1055 2655 1216 2706 Cupido
1245 2656 1276 2694 I.
1310 2656 1344 2700 2,
1375 2655 1454 2700 23;
1485 2667 1591 2705 myr-

88 2727 199 2768 team
226 2731 384 2778 virgam
413 2731 528 2768 tenet
557 2730 634 2768 dea
662 2728 808 2778 Elegia
837 2741 912 2778 pro
944 2729 1103 2777 sceptro
1132 2727 1204 2765 HI.
1242 2727 1272 2772 1,
1304 2727 1366 2765 34.
1411 2750 1463 2753 -ψ-
1502 2727 1594 2765 zito-

0 2823 32 2901 {²
