1786 3034
612 193 795 223 AMORUM
818 194 848 222 1.
877 191 912 222 6.
1474 177 1517 212 17

128 315 247 370 Ergo
279 326 376 368 quae
403 299 551 356 'valuit
581 326 662 367 pro
694 315 738 354 te
772 325 946 366 quoque
980 312 1123 365 gratia
1156 311 1392 366 quondam,

118 438 123 441 ,
189 390 294 434 Heu
323 391 524 433 facinus!
555 403 638 444 pro
670 403 740 430 me
773 402 894 430 nunc
924 389 1042 430 valet
1074 389 1155 429 illa
1186 390 1379 442 parum?

130 467 281 510 Redde
301 468 445 510 vicem
465 467 663 508 meritis!
696 468 822 520 grato
846 466 951 507 licet
973 466 1094 507 esse!
1129 464 1235 519 quid
1258 464 1436 505 obstat?

190 545 410 600 Tempora
439 546 584 587 noctis
617 548 748 594 eunt;
784 547 935 586 excute
968 546 1095 598 poste
1130 543 1300 585 seram!

129 623 321 666 Excute:
354 624 419 665 sic
449 637 663 677 umquam
695 623 831 676 longa
862 623 1055 664 relevere
1088 624 1257 670 catena,
1479 640 1516 664 π,

188 699 279 743 Nec
308 700 392 742 tibi
421 703 636 755 perpetuo
670 714 796 741 serva
826 700 1003 742 bibatur
1035 700 1173 754 aqua!

129 767 318 821 Ferreus
351 781 554 820 orantem
585 779 869 833 nequiquam,
903 779 1080 827 ianitor,
1117 777 1255 826 audis,

189 857 440 900 Roboribus
474 857 596 899 duris
627 857 764 899 ianua
795 857 910 898 fulta
942 857 1067 910 riget.

130 934 323 977 Urbibus
357 934 549 976 obsessis
583 934 742 976 clausae
775 934 1029 975 munimina
1059 935 1197 986 portae

189 1011 408 1054 Prosunt:
439 1012 489 1053 in
520 1011 668 1053 media
699 1025 806 1065 pace
841 1010 946 1066 quid
979 1024 1101 1051 arma
1132 1010 1299 1050 times?
1479 1026 1516 1050 30

132 1087 250 1140 Quid
280 1089 416 1131 facies
448 1066 580 1139 hosti,
617 1089 692 1142 qui
725 1089 787 1129 sic
820 1087 1016 1129 excludis
1056 1087 1312 1127 amantem?

191 1166 408 1221 Tempora
439 1167 583 1208 noctis
617 1169 746 1215 eunt;
783 1168 935 1207 excute
968 1167 1094 1219 poste
1128 1163 1300 1205 seram!

129 1244 231 1286 Non
263 1257 344 1298 ego
375 1244 598 1285 militibus
622 1244 754 1285 venio
789 1244 1027 1285 comitatus
1061 1246 1104 1284 et
1137 1241 1298 1283 armis:

192 1319 323 1364 Solus
356 1335 489 1372 eram,
527 1322 563 1363 si
595 1335 690 1363 non
723 1335 864 1363 saevus
899 1321 1072 1362 adesset
1104 1320 1263 1367 Amor3

129 1398 263 1440 Hunc
296 1413 390 1453 ego,
415 1399 453 1440 si
475 1399 665 1453 cupiam,
690 1413 913 1453 nusquam
936 1398 1158 1439 dimittere
1180 1409 1390 1450 possum:
1478 1412 1514 1436 35

190 1466 305 1518 Ante
337 1476 421 1518 vel
440 1491 466 1518 a
496 1477 708 1518 membris
742 1476 914 1518 dividar
945 1477 1040 1529 ipse
1073 1475 1199 1516 meis.

129 1553 247 1615 Ergo
279 1554 416 1596 Amor
447 1557 490 1596 et
521 1555 747 1596 modicum
780 1555 895 1596 circa
927 1568 1026 1596 mea
1057 1557 1259 1606 tempora
1291 1552 1446 1592 vinum

190 1629 412 1673 Mecumst
443 1634 486 1673 et
518 1631 710 1673 madidis
742 1632 869 1685 lapsa
902 1644 1066 1672 corona
1099 1630 1251 1671 comis.

131 1707 269 1750 Arma
299 1708 399 1762 quis
424 1709 519 1750 haec
549 1709 740 1750 timeat?
772 1709 869 1763 quis
902 1722 995 1750 non
1028 1710 1099 1749 eat
1131 1706 1286 1748 obvius
1318 1706 1443 1746 illis?

192 1785 408 1840 Tempora
438 1787 584 1828 noctis
617 1789 747 1836 eunt;
783 1789 933 1828 excute
966 1788 1092 1840 poste
1127 1785 1296 1826 seram!
1479 1801 1517 1824 40

130 1861 302 1905 Lentus
325 1877 398 1906 es:
426 1877 485 1905 an
508 1877 703 1913 somnus,
729 1864 805 1918 qui
825 1866 869 1904 te
892 1863 1008 1904 male
1031 1861 1199 1916 perdat,
1226 1860 1417 1902 amantis

190 1940 335 1983 Verba
367 1940 442 1983 dat
473 1941 521 1982 in
552 1943 710 1982 ventos
743 1954 847 1982 aure
881 1941 1060 1994 repulsa
1091 1942 1201 1981 tua?
1280 1926 1282 1929 ’

130 2019 200 2068 At,
234 2019 432 2067 memini,
467 2019 625 2073 primo,
661 2033 760 2060 cum
792 2021 835 2060 te
869 2019 1010 2060 celare
1042 2017 1259 2062 volebam,

189 2095 385 2151 Pervigil
415 2097 464 2137 in
495 2096 654 2138 mediae
682 2097 827 2138 sidera
859 2097 1003 2138 noctis
1037 2110 1147 2138 eras.

130 2171 340 2215 Forsitan
373 2176 416 2215 et
445 2177 593 2216 tecum
625 2177 703 2216 tua
734 2189 853 2216 nunc
886 2174 1122 2230 requiescit
1156 2173 1322 2214 amica:
1477 2190 1514 2214 45

189 2249 318 2293 Heu!
351 2250 511 2292 melior
543 2254 708 2305 quanto
743 2265 838 2292 sors
870 2255 948 2293 tua
981 2255 1097 2293 sorte
1130 2251 1255 2292 mea!

128 2326 384 2380 Dummodo
418 2329 495 2378 sic,
530 2329 579 2370 in
610 2342 681 2370 me
715 2329 834 2370 durae
867 2330 1053 2371 transite
1087 2328 1280 2369 catenae!

191 2404 407 2459 Tempora
439 2406 582 2447 noctis
610 2408 740 2455 eunt;
776 2408 927 2447 excute
960 2408 1086 2459 poste
1121 2404 1289 2446 seram!

129 2481 360 2531 Fallimur,
396 2495 454 2524 an
485 2497 611 2524 verso
645 2486 891 2525 sonuerunt
923 2483 1101 2524 cardine
1134 2484 1296 2536 postes,

190 2558 426 2614 Raucaque
460 2574 683 2602 concussae
717 2561 845 2614 signa
878 2561 1034 2602 dedere
1063 2562 1213 2602 fores?
1475 2578 1513 2602 50

129 2635 376 2678 Fallimur:
407 2637 631 2691 inpulsast
665 2638 868 2679 animoso
901 2639 1037 2680 ianua
1068 2641 1213 2679 vento.

190 2713 243 2755 Ei
275 2714 414 2756 mihi!
447 2728 580 2768 quam
613 2716 744 2768 longe
778 2730 902 2770 spem
934 2717 1038 2758 tulit
1072 2729 1177 2757 aura
1211 2717 1381 2756 meam!

80 2796 261 2830 Nemelhu:
280 2797 314 2824 P.
338 2797 446 2825 Ovidii
465 2798 610 2826 Nasonis
630 2799 777 2826 Amores.
1096 2796 1098 2798 ’
1348 2799 1368 2831 :2
