1786 3034
238 140 306 173 190
814 155 868 183 An
890 156 938 186 11.
963 154 1018 195 11,
1042 155 1158 187 5—10.

242 270 298 315 15,
332 271 393 310 21:
430 272 710 321 «primamque
740 274 905 310 ratem.»
941 296 993 298 w—
1021 274 1155 312 malas
1175 305 1183 312 .
1207 305 1214 312 .
1238 305 1246 313 .
1267 275 1368 322 vias,
1398 277 1598 321 scelestas,
1630 276 1726 325 quia

235 341 361 379 homo
390 343 587 390 navigans
618 342 786 380 audacia
815 356 887 381 sua
916 345 956 381 et
984 343 1172 393 superbia
1189 346 1385 394 provocat
1402 346 1510 384 iram
1529 332 1722 393 domum;

233 412 285 450 cf.
314 412 414 450 Hor.
447 411 578 450 Garm.
605 413 637 450 I.
667 413 704 458 2,
735 413 914 452 21—26:
961 414 1236 464 «Nequiquam
1277 414 1373 454 deus
1415 414 1588 455 abscidit
1625 416 1724 455 Pru·
1762 416 1768 458 ῗ

234 482 335 520 dens
365 483 527 520 Oceano
557 482 805 522 dissociabili
834 484 989 530 Terras,
1022 485 1056 523 si
1084 487 1223 524 tamen
1242 487 1388 536 impiae
1405 486 1499 526 Non
1517 487 1727 536 tangenda
1750 512 1752 522 ›

236 554 614 592 rates-transiliunt
640 554 755 592 vada.
785 553 928 592 Audax
957 556 1098 593 omnia
1125 557 1283 605 perpeti
1312 556 1422 595 Gens
1441 556 1624 596 humana
1641 558 1725 596 ruit
1766 558 1769 562 ’

235 637 308 672 per
335 625 505 662 vetitum
534 626 686 674 nefas.»
718 648 764 651 ’ῃ
789 626 942 673 docuit,
972 626 1134 675 supple:
1168 626 1375 672 hominem
1409 627 1551 666 cadem
1569 629 1725 679 ellipsis

236 694 343 731 infra
381 694 453 731 m.
489 692 546 740 10,
583 695 647 733 11:
696 694 854 733 «Prima
893 695 1013 735 Ceres
1055 696 1192 735 docuit
1231 699 1459 746 turgescere
1486 710 1640 739 ,semen
1678 700 1723 738 in
1764 696 1767 699 ’

233 765 376 813 agris.»
491 766 652 804 Peliaco
678 767 809 815 pinus
837 768 984 805 vertice
1014 780 1131 815 caesa,
1162 780 1211 806 ex
1231 768 1372 807 Catull.
1395 769 1517 818 6451:
1543 769 1723 809 «Peliaco

235 829 441 884 quondam
483 839 690 886 prognatae
732 837 880 876 vertice
921 839 1078 887 pinus»
1126 838 1185 878 Cf.
1228 839 1296 878 Ov.
1337 839 1434 880 Her.
1467 839 1524 885 12,
1568 841 1723 880 9—10:
1763 864 1768 871 ε

242 920 334 945 «cur
359 919 554 957 umquam
583 908 837 946 iuvenalibus
868 910 956 946 acta
998 910 1159 947 lacertis
1187 909 1408 948 Phrixeam
1444 911 1564 960 petiit
1590 911 1723 950 Pelias
1768 900 1770 902 Ι

234 978 356 1016 arbor
383 991 500 1017 ovem
514 982 551 1016 9»
585 1003 594 1006 „
613 1003 637 1005 —-
667 979 829 1018 Peliaco
851 1010 858 1018 .
882 1011 889 1018 .
913 1011 920 1018 .
943 981 1102 1027 vertice,
1131 979 1176 1018 in
1203 982 1343 1019 monte
1370 981 1495 1027 Pelio,
1524 982 1571 1020 in
1598 981 1722 1021 Thes·
1760 1022 1769 1034 -.

234 1049 337 1086 salia
354 1062 361 1094 ;
392 1049 635 1098 Argonautae
666 1050 776 1087 enim
797 1050 970 1099 profecti
989 1052 1085 1088 sunt
1106 1063 1154 1088 ex
1173 1051 1270 1089 urbe
1291 1051 1511 1090 Thessaliae
1529 1052 1652 1091 Iolco.
1671 1077 1688 1079 ἡ
1703 1055 1724 1079 4

229 1121 373 1168 pinus,
405 1132 453 1157 ex
483 1132 561 1168 qua
590 1121 704 1158 navis
734 1120 841 1158 facta
869 1123 953 1166 est;
984 1121 1032 1159 cf.
1064 1134 1187 1171 supra
1214 1121 1265 1160 H.
1297 1123 1332 1167 9,
1364 1122 1427 1161 21:
1464 1123 1648 1172 «pinum»
1684 1125 1723 1162 et

234 1190 326 1228 adn.
358 1190 407 1228 ad
436 1190 475 1228 h.
507 1190 531 1228 l.
561 1214 612 1217 —w
642 1193 925 1230 concurrentis
955 1193 1064 1245 inter
1084 1223 1091 1230 .
1115 1223 1122 1230 .
1146 1223 1153 1231 .
1177 1197 1327 1238 cautes,
1365 1191 1534 1232 κυανέαι
1572 1191 1724 1245 πέτραι
1758 1179 1767 1226 '³-

233 1262 319 1299 sive
359 1260 648 1310 Symplegades
690 1262 742 1300 ad
783 1262 1014 1311 Bosporum
1055 1263 1284 1308 Thracium,
1327 1263 1436 1302 inter
1477 1276 1585 1313 quas
1613 1263 1722 1314 Argo
1759 1247 1764 1262 ι

234 1333 422 1377 transiit;
453 1332 501 1371 cf.
531 1332 634 1371 Plin.
666 1334 713 1371 N.
742 1333 795 1372 H.
824 1333 891 1372 IV.
923 1334 998 1372 92:
1034 1333 1228 1383 «Gyaneae
1258 1334 1307 1373 ab
1324 1334 1415 1372 aliis
1431 1333 1722 1384 Symplegades
1767 1367 1769 1372 ,

234 1403 447 1452 appellatae
482 1403 721 1452 traditaeque
764 1403 911 1442 fabulis
940 1405 1050 1443 inter
1078 1418 1120 1443 se
1148 1405 1486 1444 concucurrisse.»
1519 1429 1571 1432 -2-
1601 1402 1722 1444 teme·
1768 1426 1773 1430 a

235 1475 361 1521 paria,
393 1473 534 1512 audax.
565 1498 569 1500 -
600 1498 616 1500 —
649 1475 941 1525 Conspicuam,
970 1475 1329 1524 conspiciendam;
1373 1475 1422 1515 cf.
1465 1475 1558 1514 adn.
1599 1489 1721 1526 supra
1768 1471 1769 1475 ¹

231 1545 283 1588 ad
310 1545 362 1584 II.
393 1545 428 1590 4,
460 1545 534 1583 42:
571 1545 916 1594 «conspicienda»
952 1569 1003 1572 fe
1030 1547 1142 1597 fulvo
1174 1546 1315 1585 vellere
1335 1577 1343 1585 .
1366 1577 1374 1586 .
1397 1577 1406 1585 .
1428 1559 1554 1595 ovem,
1582 1547 1722 1585 lanam
1763 1567 1772 1602 3

232 1628 410 1654 auream.

303 1687 350 1724 V.
382 1688 431 1725 5ῌᾼ
463 1686 497 1723 7.
527 1688 635 1736 freta
674 1687 811 1736 l0229a,
852 1700 965 1726 mare
1005 1700 1212 1736 magnum,
1256 1687 1363 1736 quod
1384 1687 1521 1737 -longe
1561 1688 1721 1738 lateque

231 1757 487 1802 extenditur3
519 1757 661 1795 eodem
692 1771 815 1796 sensu
840 1758 960 1808 Prop.
989 1759 1040 1796 Π.
1072 1759 1134 1804 26,
1166 1758 1240 1797 29:
1277 1771 1408 1796 «mare
1441 1771 1515 1808 per
1552 1759 1722 1808 longum

231 1840 322 1865 mea
351 1828 500 1876 cogitet
528 1828 588 1865 ire
616 1828 785 1877 puella.»
819 1852 871 1855 ψ
894 1842 1049 1878 pressa,
1092 1829 1288 1867 demersa.
1317 1853 1370 1856 —
1398 1830 1607 1879 sociosque
1647 1829 1720 1867 Pe·

234 1903 359 1944 nates,
390 1910 650 1936 communem
680 1898 868 1944 domum;
899 1900 1019 1948 poeta
1059 1899 1283 1938 Corinnam
1325 1911 1462 1938 secum
1501 1898 1718 1939 habitasse.

228 1968 363 2016 fingit.
1765 1959 1775 2028 ’-

301 2039 348 2077 V.
377 2039 520 2077 9v—10.
555 2038 690 2085 Quam
720 2041 808 2087 tibi,
837 2053 902 2078 me
931 2042 1142 2088 miserum,
1184 2042 1391 2091 Zephyros
1428 2041 1642 2091 Eurosque
1672 2042 1719 2080 ti·
1762 2044 1766 2050 ’

231 2111 359 2157 umbo,
388 2112 432 2147 ut
460 2110 579 2158 Prop.
606 2110 659 2148 Π.
689 2110 750 2156 26,
783 2111 829 2150 7:
866 2110 1019 2157 «Quam
1044 2112 1177 2158 timui,
1218 2124 1270 2149 ne
1310 2111 1413 2150 forte
1453 2113 1568 2149 tuum
1608 2123 1719 2150 mare
1758 2116 1771 2156 ἱ,

228 2193 382 2219 nomen
412 2180 599 2218 haberet»
635 2181 682 2218 de
713 2181 904 2230 Cynthia.
933 2205 985 2208 ἠ
1019 2181 1167 2228 Quam,
1197 2195 1247 2221 ex
1274 2194 1367 2220 mea
1395 2182 1647 2228 coniectum
1668 2182 1716 2220 cf.
1752 2186 1770 2235 ίΝ

230 2251 340 2288 infra
369 2251 460 2289 adn.
491 2252 579 2289 crit.
611 2251 661 2289 ad
689 2251 730 2289 h.
761 2251 784 2289 l.
815 2275 866 2278 μ
908 2241 972 2290 Εἰ
999 2253 1185 2301 yelidum
1223 2246 1391 2292 Bor-'ean
1431 2253 1720 2301 eyelidumque
1766 2247 1772 2288 ἶ

233 2321 402 2368 Notum,
433 2322 481 2360 de
512 2321 590 2360 hoc
618 2334 738 2360 versu
766 2322 992 2360 ludibundo
1023 2322 1069 2360 cf.
1102 2322 1240 2362 Senec.
1273 2322 1465 2363 Gontrov.
1493 2322 1546 2362 Π.
1568 2309 1612 2369 2,
1645 2322 1716 2361 12:
1768 2352 1770 2355 .

236 2392 399 2430 «Verbis
430 2393 599 2430 minime
628 2392 798 2431 licenter
825 2406 921 2431 usus
951 2395 1011 2431 est
1041 2392 1242 2443 (Ovidius)
1271 2394 1355 2431 nisi
1381 2394 1426 2431 in
1451 2392 1712 2436 carminibus,

228 2464 273 2500 in
305 2462 447 2512 quibus
476 2475 562 2501 non
590 2463 795 2511 ignoravit
822 2464 924 2501 vitia
953 2475 1035 2509 sua,
1067 2462 1137 2501 sed
1165 2463 1326 2502 amavit.
1348 2461 1614 2505 Manifestum
1641 2475 1713 2512 po-

229 2535 310 2570 test
339 2546 437 2579 esse,
470 2533 576 2583 quod
604 2536 767 2582 rogatus
796 2535 1017 2584 aliquando
1060 2533 1109 2572 ab
1150 2535 1292 2573 amicis
1334 2535 1428 2579 suis,
1471 2535 1516 2571 ut
1554 2534 1717 2572 tolleret

227 2606 311 2642 tres
339 2617 489 2650 versus,
521 2606 696 2644 invicem
725 2607 854 2654 petiit,
886 2607 931 2643 ut
959 2605 1044 2654 ipse
1074 2607 1156 2643 tres
1186 2606 1399 2654 exciperet,
1427 2606 1472 2643 in
1493 2610 1592 2653 quos
1610 2592 1717 2644 m'h'il
1767 2647 1770 2650 ,

229 2675 309 2712 illis
338 2675 489 2714 liceret.
519 2675 660 2725 Aequa
687 2677 751 2715 lex
778 2677 866 2715 visa
894 2678 977 2722 est;
1008 2676 1256 2726 scripserant
1283 2677 1356 2723 illi,
1387 2687 1487 2725 quos
1515 2675 1606 2715 tolli
1633 2675 1715 2714 vel·
1758 2663 1761 2667 ”
