1786 3034
733 765 934 814 LIBER
971 764 1262 816 TERTIUS.

983 929 1015 970 I.

374 1034 471 1076 Stat
501 1036 627 1075 vetus
660 1036 702 1075 et
733 1034 897 1075 multos
929 1034 1128 1076 incaedua
1160 1036 1271 1077 silva
1301 1050 1383 1090 per
1411 1051 1580 1081 annos:

433 1109 694 1152 Credibilest
725 1110 791 1150 illi
824 1123 992 1151 numen
1023 1111 1169 1152 inesse
1201 1112 1324 1163 loco;

371 1187 492 1228 Fons
524 1200 645 1229 sacer
675 1189 723 1229 in
754 1187 900 1230 medio
934 1189 1228 1243 speluncaque
1261 1191 1435 1244 pumice
1466 1191 1684 1245 pendens,
1740 1155 1769 1244 J

430 1264 487 1306 Et
516 1265 653 1307 latere
688 1280 739 1308 ex
771 1266 895 1307 omni
928 1266 1054 1307 dulce
1089 1269 1332 1320 queruntur
1360 1280 1480 1311 aves.
1529 1308 1536 1317 ,

312 1360 329 1383 5
352 1341 437 1382 Hic
469 1354 549 1395 ego
582 1342 686 1383 dum
718 1342 884 1396 spatior
916 1346 1058 1384 tectus
1089 1344 1389 1386 nemoralibus
1408 1345 1600 1402 -umbris,

431 1417 573 1469 (Quod
603 1432 714 1467 mea,
749 1419 1010 1472 quaerebam,
1044 1420 1173 1461 Musa
1203 1423 1400 1463 moveret
1432 1425 1558 1477 opus)

370 1492 504 1534 Venit
537 1493 743 1535 odoratos
774 1494 954 1548 Elegeia
984 1509 1096 1537 nexa
1128 1496 1326 1550 capillos,
1367 1481 1370 1484 ’

430 1570 497 1620 Et,
532 1574 653 1624 puto,
687 1585 765 1625 pes
797 1572 865 1613 illi
896 1572 1074 1626 longior
1107 1574 1218 1615 alter
1249 1577 1367 1616 erat:

371 1647 534 1689 Forma
564 1647 735 1697 decens,
769 1650 904 1690 vestis
937 1651 1213 1699 tenuissima,
1248 1653 1398 1693 vultus
1430 1652 1650 1703 amantis;
1730 1700 1733 1708 s

313 1742 348 1766 ιο
429 1723 486 1765 Et
517 1724 703 1778 pedibus
734 1726 892 1767 vitium
924 1740 1056 1768 causa
1089 1727 1257 1769 decoris
1290 1730 1396 1770 erat.

370 1800 502 1841 Venit
533 1803 577 1841 et
609 1800 780 1854 ingenti
812 1802 1008 1844 violenta
1041 1803 1271 1855 Tragoedia
1300 1816 1438 1857 passu

362 1908 364 1911 .
429 1875 608 1926 (Fronte
641 1889 775 1918 comae
808 1881 944 1936 torva,
977 1879 1099 1938 palla
1129 1878 1301 1920 iacebat
1333 1880 1478 1929 humi;

369 1953 499 1997 Laeva
530 1948 690 1995 mansss
723 1939 945 2007 sceptrum
975 1938 1066 1996 late
1097 1934 1241 2009 fffg‘hjle
1273 1955 1490 2006 movebat,

429 2029 595 2082 Lydius
627 2030 718 2071 alta
749 2030 911 2084 pedum
942 2032 1088 2072 vincla
1120 2032 1364 2073 cothurnus
1396 2034 1507 2084 erat)

310 2125 346 2148 15
370 2106 427 2147 Et
458 2107 579 2159 prior
617 2107 789 2160 «ecquis
823 2108 928 2148 erit»
967 2107 1076 2149 dixit
1114 2108 1218 2149 «tibi
1249 2107 1351 2150 finis
1384 2108 1576 2160 amandi,

428 2181 462 2223 O
495 2184 743 2235 argumenti
774 2184 893 2224 lente
925 2186 1057 2237 poeta
1088 2185 1186 2225 tui?

367 2259 621 2313 Nequitiam
651 2261 808 2302 vinosa
838 2263 961 2302 tuam
993 2262 1195 2303 convivia
1226 2264 1422 2311 narrant,

426 2336 616 2378 Narrant
648 2337 697 2377 in
727 2337 891 2378 multas
924 2338 1103 2390 conpita
1135 2339 1254 2378 secta
1284 2338 1393 2379 vias.

368 2411 489 2466 Saepe
523 2413 683 2467 aliquis
715 2413 851 2466 digito
883 2416 1030 2456 vatem
1062 2414 1265 2468 designat
1298 2417 1491 2465 euntem,
1746 2474 1757 2476 ,.

306 2508 343 2532 20
424 2490 566 2543 Atque
601 2491 664 2531 ait
700 2490 808 2540 «hic,
841 2491 914 2531 hic
947 2493 1024 2539 est,
1059 2504 1190 2544 quem
1221 2492 1342 2533 ferus
1373 2492 1464 2532 urit
1494 2491 1674 2533 Amor.»

365 2564 544 2614 Fabula,
579 2579 659 2607 nec
693 2567 843 2615 sentis,
878 2569 972 2608 tota
1003 2567 1180 2608 iactaris
1212 2567 1260 2608 in
1292 2566 1421 2617 Urbe,

422 2640 540 2683 Dum
572 2644 649 2683 tua
679 2643 902 2695 praeterito
936 2643 1048 2683 facta
1081 2643 1248 2696 pudore
1281 2643 1428 2685 refers.
