1786 3034
187 124 236 158 04
733 138 789 167 AD
817 139 864 167 11.
890 135 944 175 re,
970 136 1087 167 6-14.

159 254 340 293 Atticam
370 254 422 293 ad
449 256 633 304 pastores
659 253 826 292 devenit
844 256 895 292 >et
912 266 1040 302 genus
1061 256 1274 294 suavitatis
1303 253 1494 294 ostendit.
1514 253 1654 298 Paeto·
1734 256 1739 298 j

160 338 226 363 res
268 337 359 363 cum
396 324 705 363 immoderatius
744 324 945 371 biberent,
986 324 1088 364 ebrii
1128 325 1227 364 facti
1267 311 1555 372 conciderant,>
1586 327 1656 376 qui

162 395 409 434 arbitrantes
438 396 616 434 Icarium
647 395 725 433 sibi
753 396 908 434 malum
928 395 1275 434 medicamentum
1295 395 1454 436 dedisse
1481 395 1655 437 fustibus

162 479 257 505 eum
286 467 590 506 interfecerunt.
622 467 800 506 Icarium
829 468 967 505 autem
995 469 1174 506 occisum
1203 468 1320 506 canis
1344 467 1508 506 ululans
1526 467 1655 507 Maera
1731 509 1736 523 Ι

160 537 350 587 Erigonae
381 540 636 584 monstravit,
666 538 738 577 ubi
766 538 994 588 insepultus
1022 539 1182 577 iaceret.
1226 538 1314 586 Quo
1342 550 1436 576 cum
1462 538 1652 583 venisset,

161 621 284 658 super
312 621 458 659 corpus
499 610 683 659 parentis
724 611 769 648 in
799 609 942 648 arbore
972 609 1193 660 suspendio
1223 621 1265 648 se
1293 609 1527 648 necavit...
1575 607 1654 656 Qui
1733 637 1735 639 .

161 680 330 719 deorum
357 681 568 719 voluntate
597 672 655 720 ¹in
684 683 887 720 astrorum
915 693 1132 719 numerum
1173 682 1270 719 sunt
1297 680 1432 719 delati.
1474 678 1653 729 Erigone

159 753 323 800 signum
352 752 607 801 Virginis...
651 753 806 791 Icarius
845 752 1042 790 Arcturus
1083 754 1128 790 in
1168 748 1367 790 sideribus
1407 746 1469 790 est
1486 746 1650 798 “dictum

158 825 275 861 canis
316 824 453 860 autem
494 823 624 862 Maera
670 824 907 863 Canicula.»
954 847 1007 852 —
1046 825 1164 863 stella
1184 852 1186 854 ψ
1198 827 1407 873 proterva,
1446 822 1652 868 violenta3

157 895 324 943 propter
352 893 593 932 violentiam
623 894 781 933 ardoris
810 895 963 941 aestivi;
995 893 1042 932 cf.
1073 894 1173 932 Hor.
1205 893 1338 933 Garm.
1369 893 1400 931 I.
1429 893 1491 939 26,
1522 893 1651 933 2—3:

163 966 384 1014 «protervis
412 966 579 1003 ventis»
1544 990 1546 993 -

229 1035 275 1074 V.
307 1036 342 1073 6.
373 1036 422 1073 in
451 1040 664 1074 tenero...
695 1035 791 1083 solo,
822 1035 937 1073 molli
966 1036 1007 1073 et
1035 1035 1222 1073 fecundo.
1254 1058 1306 1061 ›v-
1333 1034 1483 1086 fertilis
1511 1033 1650 1082 herba,
1709 1055 1712 1057 ·
1735 1038 1737 1041 ’

155 1107 380 1144 luxurians.

226 1178 272 1216 V.
306 1178 446 1217 740.
482 1178 649 1224 Cereris,
679 1177 887 1215 frumenti.
910 1200 961 1203 ψ
989 1176 1180 1224 Pallada,
1210 1177 1366 1222 oleam;
1397 1175 1548 1225 Pallas,
1575 1187 1651 1225 per
1672 1157 1678 1215 s
1732 1218 1734 1220 ,

155 1249 453 1298 metonymiam
482 1250 607 1287 etiam
649 1249 784 1286 oleum
825 1247 1038 1296 significat,
1080 1248 1126 1285 ut
1167 1247 1238 1286 Ov.
1268 1247 1366 1285 Her.
1413 1246 1472 1292 19,
1513 1245 1577 1286 44.
1600 1245 1649 1284 {et

155 1321 274 1359 Trist.
305 1321 373 1360 IV.
405 1322 440 1366 5,
461 1322 497 1359 4.
527 1320 671 1359 Oleam
698 1320 832 1358 Pallas
861 1320 1014 1357 creavit
1041 1317 1232 1368 deditque
1259 1316 1508 1363 hominibus,
1537 1316 1647 1356 unde

148 1392 265 1441 Verg.
298 1391 367 1431 Ge.
412 1392 442 1430 Ι.
478 1390 656 1430 18*19;
693 1390 891 1439 «oleaeque
932 1390 1118 1428 Minerva
1158 1389 1407 1432 InventriX.»
1440 1410 1494 1416 ---
1521 1384 1646 1428 rarus
1678 1420 1682 1425 ,
1738 1403 1739 1406 “

146 1475 259 1512 aqcr,
288 1475 381 1501 rara
408 1462 446 1513 (i.
479 1475 511 1501 e.
542 1474 629 1500 non
657 1461 829 1513 vulgari)
860 1461 1081 1500 fertilitate.
1113 1483 1166 1486 -——
1193 1460 1352 1510 Perque
1383 1463 1643 1510 resurqentes

147 1535 244 1572 rivis
285 1534 521 1572 labentibus
561 1535 720 1582 herbas,
762 1546 836 1584 per
875 1535 993 1583 prata
1035 1531 1102 1582 (=
1133 1534 1178 1571 in
1205 1530 1364 1582 pratis),
1407 1531 1479 1570 ubi
1506 1529 1642 1571 herbae

147 1617 223 1654 ope
251 1605 434 1644 rivorum
463 1606 513 1644 ab
542 1606 730 1655 agricolis
758 1604 1032 1650 inductorum,
1061 1605 1281 1653 postquam
1309 1601 1505 1641 demessae
1535 1599 1642 1647 sunt,

147 1676 265 1714 facile
294 1678 523 1724 resurgunt.
545 1699 597 1702 >—
617 1676 717 1715 rivis
746 1676 991 1722 labentibus,
1020 1676 1129 1714 rivos
1159 1673 1209 1713 ab
1237 1674 1426 1723 agricolis
1455 1671 1644 1712 inductos

148 1747 353 1796 intellege,
383 1749 429 1784 ut
455 1746 564 1783 infra
590 1758 648 1784 vs.
681 1746 755 1784 35:
792 1746 865 1784 «Et
891 1747 1009 1784 vocet
1037 1746 1081 1783 in
1121 1745 1230 1783 rivos
1259 1745 1491 1782 currentem
1523 1744 1644 1782 rusti-

149 1829 221 1855 cus
248 1816 438 1854 undam.»
475 1816 532 1855 Cf.
564 1816 681 1865 Verg.
714 1816 782 1855 Ge.
814 1816 845 1854 Ι.
871 1816 1091 1854 106ἧ109.
1124 1814 1191 1865 (de
1222 1813 1435 1865 agricola):
1464 1812 1644 1852 «Deinde

149 1889 248 1926 satis
276 1887 446 1926 fluvium
475 1886 633 1925 inducit
671 1888 859 1936 rivosque
902 1888 1109 1935 sequentis
1137 1886 1201 1932 Et,
1233 1898 1326 1923 cum
1355 1885 1520 1924 exustus
1549 1895 1644 1933 ager

148 1958 419 1996 morientibus
448 1960 594 1997 aestuat
622 1958 771 2004 herbis,
810 1957 914 1996 Ecce
944 1957 1162 2007 supercilio
1191 1956 1334 1995 clivosi
1361 1956 1540 1994 tramitis
1566 1967 1641 1994 un·
1709 1998 1711 2007 4

149 2029 245 2067 dam
273 2029 429 2067 Elicit.»
465 2052 518 2055 —
546 2030 778 2076 obumbrat,
807 2030 917 2077 tegit.

220 2089 265 2139 V.
301 2099 466 2138 11ffl14.
498 2112 614 2138 meus
654 2100 777 2149 iynis,
820 2101 961 2137 amica.
993 2123 1045 2126 ——
1084 2100 1202 2138 verbo
1239 2101 1504 2149 peccavimus
1542 2109 1641 2144 unc,
1708 2103 1721 2122 f

149 2166 173 2202 i.
206 2178 237 2203 e.
270 2166 378 2213 ignis
406 2178 492 2204 non
521 2164 658 2212 abest;
698 2166 808 2214 ignis
837 2167 950 2204 enim
979 2167 1019 2204 et
1045 2165 1225 2216 puellam
1254 2167 1434 2206 amatam
1461 2169 1504 2207 et
1530 2180 1640 2206 amo·
1703 2166 1705 2175 '

148 2249 237 2274 rem
266 2248 362 2285 erga
390 2248 481 2275 eam
509 2238 644 2286 potest
686 2236 926 2285 significare.
958 2260 1010 2263 -—
1043 2236 1145 2283 Quae
1172 2243 1304 2276 movet
1333 2240 1512 2289 ardores,
1549 2239 1575 2277 i.
1606 2250 1639 2277 e.

147 2306 292 2356 puella.
323 2330 375 2333 Q
404 2309 543 2355 ardor,
584 2308 609 2346 i.
641 2320 673 2346 e.
706 2320 821 2346 amor
849 2309 895 2346 in
922 2309 1114 2358 puellam.
1142 2330 1196 2335 —
1223 2308 1257 2346 si
1283 2310 1446 2348 medius
1475 2309 1642 2348 Polluce-

147 2382 185 2416 ct
218 2377 381 2417 Castore
405 2391 557 2428 ponar,
588 2380 623 2417 si
651 2391 701 2417 ex
729 2379 894 2417 mortali
922 2379 1168 2417 immortalis
1205 2378 1315 2425 fiam,
1355 2381 1402 2418 ut
1429 2379 1574 2419 Castor
1599 2381 1642 2418 et

146 2448 301 2494 Pollux,
333 2450 373 2487 et
400 2451 445 2487 in
474 2450 648 2488 concilio
677 2449 847 2488 deorum
875 2450 964 2488 loco
984 2449 1212 2488 honorifico
1234 2449 1393 2488 medius
1421 2451 1531 2489 inter
1547 2451 1641 2490 illos

147 2532 288 2568 ponar.
318 2543 370 2547 —
400 2519 564 2559 Polluce
593 2525 632 2559 et
664 2520 840 2568 Castore,
869 2521 1001 2558 rarior
1030 2519 1156 2558 dativi
1185 2519 1317 2558 forma
1336 2519 1388 2558 ad
1407 2520 1639 2571 exemplum
1716 2510 1737 2539 Ἀ

146 2591 374 2639 Propertii;
417 2590 464 2628 cf.
495 2591 614 2640 Prop.
646 2591 676 2629 Ι.
712 2591 771 2636 14,
805 2591 877 2630 15:
914 2591 987 2629 «Et
1014 2603 1158 2629 nemus
1188 2603 1310 2629 omne
1340 2590 1448 2629 satas
1476 2592 1523 2629 ut
1548 2592 1638 2629 ten·
1678 2634 1680 2637 ¹
1719 2585 1736 2604 *⁷

147 2660 218 2698 dat
244 2663 392 2700 vertice
434 2662 475 2711 (i.
507 2675 538 2700 e.
571 2662 622 2700 ad
660 2662 820 2712 caelum)
862 2662 1020 2708 silvas»,
1052 2661 1120 2701 IV.
1156 2663 1187 2707 1,
1222 2662 1320 2701 125:
1356 2660 1637 2701 «Scandentis-
1695 2667 1700 2675 ⁴
