1786 3034
574 187 756 217 morum
781 187 846 214 111.
875 183 912 214 4.
1461 164 1502 199 71

183 309 304 363 Quae,
339 308 444 364 quia
473 314 566 360 non
597 306 743 354 liceat,
777 317 871 345 non
905 302 1023 350 facit,
1058 300 1139 342 illa
1170 299 1288 340 facit.

121 383 183 432 Ut
211 387 304 430 iam
335 385 526 429 servaris
556 383 670 425 bene
702 394 876 435 corpus,
913 379 1113 421 adultera
1144 390 1272 419 mens
1306 378 1384 420 est,
1487 394 1505 418 5

181 466 274 509 Nec
303 461 529 511 custodiri,
562 475 619 503 ne
651 460 769 508 velit,
804 459 898 500 ulla
928 459 1099 512 potest;

121 545 213 588 Nec
243 555 404 597 corpus
437 553 610 583 servare
642 541 783 593 potes,
817 538 922 579 licet
955 535 1107 578 omnia
1138 532 1342 574 claudas:

182 619 402 664 Omnibus
434 617 623 660 exclusis
654 617 778 657 intus
811 614 994 656 adulter.
1018 613 1114 654 erit.

123 697 206 742 Cui
235 709 420 753 peccare
451 695 568 744 licet,
602 695 757 748 peccat
788 693 965 734 minus:
998 691 1097 745 ipsa
1128 690 1328 743 potestas

183 775 367 819 Semina
397 773 610 828 nequitiae
642 770 929 825 languidiora
960 769 1077 810 facit.
1470 781 1508 807 10

122 855 304 905 Desine,
337 852 464 896 crede
496 851 621 895 mihi.
656 850 766 892 vitia
797 848 983 890 inritare
1014 844 1233 887 vetando:

184 930 407 986 Obsequio
438 930 590 971 vinces
623 928 770 982 aptius
802 927 882 968 illa
913 928 1003 968 tuo.

122 1009 226 1052 Vidi
257 1021 339 1063 ego
370 991 515 1062 nuper
547 1018 711 1060 equum
742 1007 898 1046 contra
931 1016 1010 1044 sua
1041 1001 1190 1043 vincla
1221 1002 1425 1040 tenacem

184 1087 269 1131 Ore
301 1084 540 1129 reluctanti
571 1082 774 1126 fulminis
807 1082 871 1123 ire
902 1079 1060 1130 modo;
1189 1095 1209 1114 a

125 1165 350 1216 Constitit,
383 1166 434 1206 ut
464 1163 660 1217 primum
692 1173 926 1203 concessas
959 1159 1099 1201 sensit
1131 1156 1330 1198 habenas
1470 1171 1507 1196 ιε,

183 1243 417 1298 Frenaque
448 1241 497 1282 in
529 1239 668 1282 effusa
698 1240 800 1281 laxa
830 1239 973 1280 iacere
1005 1237 1121 1278 iuba.

122 1321 320 1364 Nitimur
349 1320 399 1362 in
429 1319 618 1361 vetitum
651 1331 826 1371 semper
858 1315 1148 1370 cupimusque
1181 1312 1367 1366 negata:
1427 1300 1464 1338 ‘s
1486 1320 1522 1341 ³-
1566 1352 1599 1377 Μ
1712 1298 1724 1320 '³

183 1397 256 1442 Sic
286 1397 536 1440 interdictis
567 1396 773 1438 inminet
793 1408 907 1449 aeger
939 1394 1079 1447 aquis.

123 1474 316 1519 Centum
347 1475 492 1516 fronte
527 1474 691 1523 oculos,
729 1473 908 1514 centum
941 1470 1109 1512 cervice
1143 1467 1322 1522 gerebat

182 1554 354 1607 Argus:
388 1554 433 1594 et
464 1552 546 1593 hos
577 1564 696 1592 unus
731 1564 844 1604 saepe
878 1548 1037 1590 fefellit
1068 1548 1228 1595 Amor;
1470 1561 1507 1586 ρο

122 1631 178 1674 In
208 1630 460 1673 thalamum
490 1629 645 1671 Danae
678 1630 794 1670 ferro
828 1640 1019 1681 saxoque
1051 1637 1294 1679 perennem

185 1708 298 1761 Quae‘
325 1709 470 1750 fuerat
499 1707 624 1760 virgo
656 1706 832 1755 tradita,
867 1707 1009 1746 mater
1043 1705 1160 1745 erat:

122 1786 346 1840 Penelope
378 1784 559 1833 mansit,
594 1784 797 1838 quamvis
829 1781 1013 1824 custode
1046 1779 1233 1828 carebat,

181 1863 306 1906 Inter
335 1865 403 1905 tot
432 1863 617 1904 iuvenes
649 1862 916 1903 intemerata
947 1872 1117 1914 procos.

125 1941 351 1996 Quidquid
383 1943 596 1992 servatur,
629 1940 834 1994 cupimus
868 1939 1023 1992 magis,
1048 1938 1232 1991 ipsaque
1267 1936 1409 1976 furem
1470 1953 1508 1977 ευ

183 2017 300 2061 Oura
329 2021 481 2060 vocat:
515 2018 657 2072 pauci,
692 2016 810 2071 quod
843 2016 950 2057 sinit
982 2015 1106 2066 alter,
1141 2014 1305 2054 amant.

123 2097 214 2139 Nec
245 2097 357 2139 facie
388 2096 535 2150 placet
566 2096 645 2137 illa
678 2109 770 2144 sua,
807 2094 884 2137 sed
918 2107 1067 2136 amore
1100 2092 1275 2134 mariti:

183 2174 344 2216 Nescio
377 2173 494 2229 quid,
531 2173 649 2227 quod
679 2176 724 2214 te
757 2172 936 2226 ceperit,
974 2184 1069 2213 esse
1103 2171 1274 2224 putant.

123 2251 224 2294 Non
256 2237 398 2306 proba
427 2250 491 2299 fit,
525 2264 659 2304 quam
690 2250 758 2291 vir
792 2252 950 2298 servat,
976 2247 1054 2290 sed
1086 2248 1288 2289 adultera
1321 2260 1449 2288 cara:

183 2329 286 2384 Ipse
316 2329 453 2371 timor
483 2329 678 2383 pretium
710 2341 894 2382 corpore
927 2327 1072 2368 maius
1106 2326 1251 2368 habet.
1473 2344 1511 2368 30

123 2407 363 2462 Indignere
394 2407 511 2457 licet,
546 2408 670 2449 iuvat
702 2408 962 2448 inconcessa
995 2407 1226 2460 voluptas:

186 2484 292 2528 Sola
322 2485 480 2540 placet,
522 2485 707 2527 «timeo»
747 2485 891 2526 dicere
927 2485 1054 2538 siqua
1084 2484 1247 2537 potest.

125 2563 216 2605 Nec
246 2565 399 2605 tamen
431 2564 676 2616 ingenuam
707 2563 778 2604 ius
812 2565 879 2604 est
912 2575 1086 2603 servare
1118 2560 1341 2614 puellam:

184 2640 271 2684 Hic
303 2645 451 2684 metus
484 2645 675 2684 externae
707 2654 894 2696 corpora
926 2642 1071 2694 gentis
1104 2640 1227 2693 agat!

127 2716 306 2761 Scilicet
336 2721 388 2760 ut
417 2720 560 2773 possit
592 2721 742 2761 custos
781 2733 913 2773 «ego»
951 2718 1094 2759 dicere
1134 2718 1286 2768 «feei»,
1473 2736 1526 2759 35<

1620 1350 1684 1376 rh«
