1786 3034
214 177 268 211 98,
758 191 936 220 AMORUM
961 193 990 221 I.
1024 191 1116 221 10—1
1129 191 1157 221 ι.

337 307 543 349 Officium
574 322 742 362 pauper
773 290 1289 363 numerat'studiumque
1321 309 1582 364 fidemquet‘
1630 312 1650 364 ³.

397 384 523 435 Quod
556 385 652 437 quis
687 385 830 434 habet,
867 385 1056 426 dominae
1089 386 1285 427 conferat
1317 390 1447 428 omne
1478 386 1594 429 sum!

334 461 412 502 Est
443 474 615 515 quoque
649 461 916 502 carminibus
949 462 1129 502 meritas
1164 462 1381 503 celebrare
1410 462 1584 516 puellas
1631 500 1643 506 -
1719 461 1722 463 ’

273 557 312 581 eo
413 538 504 578 Dos
537 552 660 580 mea:
694 552 824 591 quam
856 538 989 588 volui,
1024 541 1132 579 nota
1162 537 1211 580 fit
1243 541 1334 580 arte
1365 552 1476 581 mea.

334 612 599 655 Scindentur
628 618 785 664 vestes,
821 629 1003 668 gemmae
1036 616 1293 668 frangentur
1326 617 1369 656 et
1399 619 1582 658 aurum:

392 689 597 731 Carmina
631 704 761 745 quam
796 691 1002 740 tribuent,
1037 692 1156 731 fama
1187 691 1394 744 perennis
1427 691 1521 733 erit.

331 764 420 807 Nec
452 765 565 815 dare,
602 766 679 807 sed
709 766 901 819 pretium
932 767 1056 819 posci
1090 766 1303 819 dedignor
1334 757 1378 808 et
1408 766 1503 808 odi:
1562 813 1568 816 ,

391 842 517 893 Quod
550 856 662 896 nego
695 844 909 896 poscenti,
945 843 1098 885 desine
1129 844 1255 893 velle,
1290 843 1414 886 dabo.

892 1042 899 1045 ⁷
918 1030 991 1073 XI.

330 1147 546 1202 Colligere
577 1150 771 1191 incertos
806 1153 849 1191 et
880 1151 926 1191 in
960 1150 1114 1192 ordine
1145 1165 1310 1204 ponere
1342 1152 1485 1193 crines

386 1225 527 1267 Docta
557 1240 700 1279 neque
734 1227 918 1268 ancillas
950 1228 1067 1269 inter
1097 1229 1301 1271 habenda
1330 1230 1451 1283 Nape

328 1300 467 1356 Inque
499 1303 759 1345 ministeriis
791 1305 962 1345 furtivae
995 1305 1170 1357 cognita
1201 1306 1344 1347 noctis

387 1377 519 1420 Utilis
553 1381 595 1420 et
628 1379 784 1421 dandis
815 1380 1048 1433 ingeniosa
1078 1382 1210 1431 notis,

286 1474 303 1497 5
330 1453 450 1508 Saepe
482 1457 632 1497 venire
666 1456 721 1497 ad
751 1470 821 1497 me
856 1457 1132 1498 dubitantem
1164 1458 1338 1499 hortata
1370 1457 1621 1508 Corinnam,
1680 1478 1687 1485 ¹*
1754 1448 1758 1479 t

387 1531 508 1585 Saepe
540 1532 763 1574 laboranti
792 1533 880 1574 fida
911 1536 1084 1588 reperta
1114 1535 1238 1584 mihi,
1626 1520 1627 1523 Ἴ

326 1609 484 1661 Accipe
517 1612 560 1650 et
592 1609 647 1650 ad
678 1609 905 1651 dominam
936 1613 1161 1664 peraratas
1191 1625 1323 1653 mane
1353 1611 1539 1654 tabellas

384 1685 532 1726 Perfer
563 1688 607 1726 et
639 1686 866 1728 obstantes
898 1687 1051 1729 sedula
1082 1689 1197 1741 pelle
1228 1689 1400 1730 moras!

325 1761 412 1802 Nec
445 1762 618 1802 silicum
650 1776 772 1803 venae
804 1777 886 1804 nec
918 1763 1076 1804 durum
1108 1765 1155 1805 in
1186 1767 1364 1818 pectore
1396 1765 1560 1806 ferrum

263 1856 303 1880 10
383 1837 471 1878 Nec
503 1837 584 1878 tibi
616 1839 875 1892 simplicitas
908 1840 1062 1882 ordine
1093 1841 1235 1882 maior
1265 1840 1413 1890 adest;

326 1912 585 1956 Credibilest
617 1917 660 1955 et
692 1918 734 1956 te
769 1917 959 1958 sensisse
993 1916 1223 1970 Cupidinis
1256 1931 1406 1959 arcus:

382 1979 434 2032 In
466 2005 535 2032 me
568 1992 738 2033 militiae
772 1994 898 2046 signa
929 1996 1050 2035 tuere
1083 1995 1196 2036 tuae!

326 2065 371 2107 Si
404 2070 578 2120 quaeret,
613 2068 718 2121 quid
750 2083 888 2122 agam,
924 2083 999 2123 spe
1031 2071 1176 2111 noctis
1207 2070 1353 2112 vivere
1385 2070 1528 2120 dices;

383 2140 537 2184 Cetera
568 2144 653 2184 fert
683 2144 845 2186 blanda
876 2158 974 2186 cera
1004 2148 1158 2187 notata
1188 2159 1336 2188 manu.

262 2237 299 2261 15
323 2218 439 2258 Dum
468 2218 637 2272 loquor,
661 2220 771 2261 hora
802 2222 937 2274 fugit:
970 2235 1117 2263 vacuae
1142 2223 1252 2264 bene
1273 2221 1405 2264 redde
1427 2222 1624 2272 tabellae,

380 2293 543 2335 Verum
575 2296 786 2337 continuo
819 2298 887 2338 fac
917 2300 1067 2339 tamen
1098 2299 1177 2340 illa
1206 2299 1350 2352 legat!

320 2370 549 2423 Adspicias
583 2373 733 2413 oculos
764 2374 926 2415 mando
958 2375 1235 2428 frontemque
1266 2375 1478 2428 legentis:
1547 2386 1557 2398 ¹

378 2445 415 2486 E
444 2447 578 2487 tacito
610 2448 736 2489 vultu
767 2449 877 2490 scire
909 2451 1058 2491 futura
1088 2451 1204 2492 licet.

321 2522 409 2563 Nec
439 2536 574 2573 mora,
609 2525 815 2577 perlectis
846 2527 1056 2568 rescribat
1085 2527 1240 2577 multa,
1272 2527 1448 2569 iubeto:

258 2616 297 2641 20
381 2597 474 2647 Odi,
509 2613 608 2640 cum
640 2600 728 2641 late
761 2602 991 2654 splendida
1022 2616 1120 2644 cera
1150 2606 1297 2654 v‘acat;

320 2672 576 2726 Conprimat
610 2675 837 2718 ordinibus
869 2691 1032 2729 versus⁴
1068 2680 1304 2733 oculosque
1334 2684 1533 2723 moretur
