1786 3034
252 154 299 189 74

832 167 1011 196 AMORUM
1033 168 1099 197 111.
1127 166 1160 196 6.

959 319 1032 363 VI.

370 440 527 481 Amnis
558 438 884 480 harundinibus
914 438 1097 480 limosas
1129 438 1270 480 obsite
1301 438 1437 492 ripas,

430 516 496 558 Ad
531 516 759 558 dominam
790 529 1003 569 propero:
1033 509 1144 557 *siste
1176 528 1413 569 parumper
1445 515 1608 569 aquas!

324 636 333 658 l
370 594 459 635 Nec
490 593 572 635 tibi
605 596 708 634 sunt
739 595 898 646 pontes
930 606 1011 634 nec
1043 606 1138 646 quae
1171 593 1266 633 sine
1297 591 1477 645 remigis
1507 591 1617 633 ictu<

430 668 632 711 Concava
661 670 846 710 traiecto
880 669 1038 710 cumba
1070 668 1254 710 rudente
1285 669 1428 710 vehat.

330 767 346 789 5
373 747 538 788 Parvus
573 759 681 796 eras,
715 745 911 795 memini,
946 759 1027 787 nec
1057 748 1100 787 te
1132 745 1321 786 transire
1352 744 1508 798 refugi,
1533 796 1535 801 y

430 821 696 877 Summaque
727 824 798 864 vix
829 823 943 864 talos
975 823 1162 876 contigit
1191 822 1312 864 unda
1341 833 1488 870 meos3

370 900 496 941 Nunc
527 900 621 940 ruis
653 899 856 952 adposito
889 900 1066 941 nivibus
1099 899 1152 940 de
1183 902 1335 941 monte
1368 898 1558 941 solutis·

428 976 485 1017 Et
516 977 636 1030 turpi
668 989 836 1017 crassas
869 977 1039 1030 gurgite
1070 977 1213 1018 volvis
1245 990 1395 1030 aquas.
1753 1031 1755 1039 ⁴

372 1053 486 1104 Quid
518 1067 779 1108 properasse
811 1054 944 1102 iuvat,
979 1054 1084 1107 quid
1115 1067 1247 1107 parca
1278 1053 1451 1095 dedisse
1483 1051 1622 1106 quieti
1680 1063 1683 1064 ’
1739 1045 1752 1062 ⁵

310 1150 347 1174 ιο
430 1130 655 1183 Tempora,
692 1129 796 1184 quid
826 1130 948 1171 nocti
979 1112 1255 1171 conseruisse
1288 1129 1416 1179 diem,
1628 1123 1630 1125 ¹

371 1204 417 1247 Si
448 1208 599 1247 tamen
631 1206 702 1246 hic
735 1205 998 1256 standumst,
1024 1207 1061 1247 si
1092 1220 1183 1247 non
1217 1205 1346 1247 datur
1376 1204 1544 1247 artibus
1574 1203 1682 1247 uuis

428 1282 623 1325 Ulterior
653 1284 808 1323 nostro
839 1282 937 1335 ripa
967 1282 1210 1336 premenda
1239 1281 1376 1336 pedi?

370 1360 494 1401 Nunc
529 1372 621 1412 ego,
658 1372 763 1412 quas
796 1359 953 1400 habuit
983 1360 1146 1413 pinnas
1177 1359 1402 1401 Danaeius
1434 1358 1576 1407 heros,

417 1432 629 1477 'Terribili
660 1435 847 1477 densum
878 1448 978 1477 cum
1010 1436 1115 1477 tulit
1146 1449 1288 1489 angue
1321 1436 1463 1488 caput,

309 1531 345 1554 15
368 1512 493 1553 Nunc
527 1513 631 1565 opto
664 1525 852 1561 currum,
887 1511 938 1552 de
971 1525 1057 1565 quo
1084 1510 1280 1553 Cerealia
1310 1511 1504 1565 primum

430 1586 609 1630 Semina
639 1591 857 1630 venerunt
887 1589 934 1629 in
966 1588 1075 1630 rude
1106 1589 1244 1630 missa
1275 1588 1432 1630 solum.

368 1665 626 1719 Prodigiosa
656 1666 814 1719 loquor
843 1669 1043 1707 veterum
1074 1666 1306 1707 mendacia
1337 1667 1501 1716 vatum,
1547 1722 1550 1723 ⁷

424 1743 513 1784 Nec
544 1744 648 1785 tulit
680 1744 771 1784 haec
803 1757 1015 1798 umquam
1047 1757 1128 1784 nec
1161 1745 1272 1785 feret
1291 1743 1395 1791 ‚ulla
1426 1742 1544 1794 dies3

368 1819 430 1860 Tu
461 1821 622 1873 potius,
656 1821 765 1874 ripis
798 1820 934 1862 effuse
961 1820 1192 1874 capacibus
1224 1821 1381 1869 amnis,

307 1915 343 1938 20
428 1895 515 1947 (Sic
547 1899 735 1937 aeternus
768 1909 842 1938 eas
860 1897 1063 1948 !)·labere
1094 1895 1183 1937 fine
1216 1896 1319 1939 tuo!

366 1973 464 2013 Non
497 1973 583 2014 eris
613 1973 803 2023 invidiae,
837 1975 1022 2022 torrens,
1057 1973 1168 2014 mihi
1201 1973 1339 2023 crede,
1374 1972 1576 2022 ferendae,

426 2048 472 2090 Si
505 2049 623 2091 dicar
653 2063 733 2102 per
762 2052 806 2091 te
838 2051 951 2090 forte
982 2052 1181 2091 retentus
1214 2062 1379 2091 amans.

366 2124 573 2167 Flumina
604 2125 811 2167 deberent
841 2127 1022 2168 iuvenes
1053 2127 1102 2167 in
1132 2140 1282 2168 amore
1311 2126 1485 2175 iuvare;

423 2202 632 2244 Flumina
664 2206 898 2244 senserunt
929 2203 1038 2256 ipsa,
1074 2202 1178 2256 quid
1209 2205 1325 2245 esset
1356 2215 1505 2245 amor:

308 2297 345 2320 25
370 2278 560 2320 inachus
592 2280 641 2320 in
672 2279 805 2320 Melie
836 2279 1074 2333 Bithynide
1105 2279 1298 2332 pallidus
1327 2280 1416 2321 isse

422 2355 596 2396 Dicitur
628 2358 671 2396 et
702 2356 860 2409 gelidis
892 2356 1130 2397 incaluisse
1160 2355 1307 2405 vadis:

364 2430 570 2473 Nondum
603 2432 732 2473 Troia
763 2432 846 2473 fuit
877 2433 1030 2473 lustris
1063 2432 1243 2473 obsessa
1274 2432 1457 2477 duobus,

424 2506 534 2548 Cum
566 2510 714 2562 rapuit
745 2509 908 2559 vultus,
941 2509 1132 2560 Xanthe,
1165 2509 1317 2550 Neaera
1346 2511 1472 2557 tuos;

367 2583 517 2634 Quid?
547 2598 639 2626 non
670 2586 876 2639 Alpheon
908 2585 1092 2627 diversis
1125 2599 1297 2627 currere
1330 2586 1458 2627 terris

304 2679 342 2702 30
425 2660 620 2713 Virginis
653 2661 848 2702 Arcadiae
881 2664 1026 2703 certus
1058 2662 1204 2715 adegit
1230 2664 1393 2704 amor?
