1786 3034
578 175 760 205 AMORUM
784 176 848 204 111.
878 177 913 205 6.

83 293 170 337 -Te
203 306 378 350 quoque
409 295 678 349 promissam
709 294 874 345 Xutho,
908 294 1066 344 Penee,
1101 293 1314 337 Creusam

169 370 434 419 Phthiotam
465 372 595 414 terris
628 372 875 414 occuluisse
908 373 1071 414 ferunt.

111 447 230 501 Quid
258 449 448 492 referam
473 450 668 504 Asopon,
705 463 836 504 quem
870 451 987 504 cepit
1018 450 1183 492 Martia
1215 451 1374 500 Thebe,

167 526 384 570 Natarum
415 527 563 569 Thebe
595 528 790 582 quinque
824 529 975 570 futura
1005 531 1201 582 parens?

109 601 289 647 Cornua
319 604 358 647 si
388 607 467 647 tua
497 619 619 647 nunc
650 605 728 646 ubi
760 606 863 654 sint,
898 605 1102 656 Acheloe,
1139 607 1377 660 requiram,

167 681 375 724 Herculis
406 683 522 724 irata
555 683 695 724 fracta
727 697 909 736 querere
943 697 1107 724 manu:

107 758 200 802 Nec
229 760 347 802 tanti
379 757 583 814 Calydon
615 774 698 803 nec
730 762 824 802 tota
855 761 1034 803 Aetolia
1065 762 1194 811 tanti,

168 837 271 881 Una
301 841 454 881 tamen
487 839 601 880 tanti
636 838 850 880 Deianira
884 839 982 880 fuit.

31 941 34 944 -
108 914 191 958 Ille
221 915 366 980 fluens
398 916 521 959 dives
554 919 739 972 septena
771 931 851 971 per
883 917 1000 959 ostia
1030 917 1171 966 Nilus,

169 992 258 1045 Qui
287 995 480 1048 patriam
510 998 646 1037 tantae
679 998 772 1037 tam
804 995 918 1037 bene
951 996 1066 1037 celat
1097 1009 1235 1050 aquae,

106 1069 270 1114 Fertur
298 1071 348 1118 in
378 1071 585 1116 Euanthe
618 1073 853 1115 collectam
884 1073 1078 1127 Asopide
1112 1073 1342 1115 flammam

168 1147 358 1200 Vincere
389 1151 637 1205 gurgitibus
670 1165 763 1193 non
795 1152 997 1205 potuisse
1032 1152 1148 1201 suis;

109 1224 260 1269 Siccus
290 1230 343 1270 ut
375 1229 581 1282 amplecti
617 1228 877 1271 Salmonida
908 1231 1060 1283 posset
1091 1229 1303 1283 Enipeus,

168 1302 333 1347 Cedere
363 1305 497 1347 iussit
529 1319 716 1360 aquam:
750 1307 874 1349 iussa
906 1308 1089 1348 recessit
1121 1320 1247 1364 aqua3

107 1381 199 1423 Nec
227 1383 272 1424 te
303 1384 532 1436 praetereo,
567 1384 642 1437 qui
674 1398 755 1437 per
784 1397 892 1425 cava
925 1397 1029 1425 saxa
1058 1385 1269 1426 volutans

168 1458 342 1501 Tiburis
373 1459 505 1513 Argei
537 1460 758 1515 pomifera
790 1474 894 1502 arva
927 1461 1058 1514 rigas,

107 1535 193 1578 Ilia
223 1537 296 1578 cui
325 1537 510 1592 placuit,
545 1539 749 1592 quamvis
784 1541 878 1580 erat
910 1538 1091 1581 horrida
1123 1539 1259 1588 cultu,

167 1613 327 1668 Ungue
358 1617 516 1657 notata
546 1629 711 1664 comas,
745 1629 894 1669 ungue
927 1619 1085 1658 notata
1117 1630 1279 1670 genas:

107 1689 196 1732 Illa
225 1705 408 1746 gemens
440 1694 676 1749 patruique
708 1695 834 1736 nefas
868 1694 1115 1750 delictaque
1158 1695 1316 1737 Martis

166 1768 354 1813 Errabat
383 1771 505 1813 nudo
536 1786 618 1826 per
647 1773 746 1814 loca
779 1773 875 1814 sola
907 1772 1044 1827 pede;

106 1845 236 1890 Hanc
267 1849 413 1891 Anien
446 1850 613 1904 rapidis
645 1851 878 1893 animosus
911 1851 1023 1893 vidit
1056 1851 1110 1893 ab
1144 1851 1278 1893 undis

165 1924 403 1981 Raucaque
436 1926 488 1968 de
521 1927 682 1969 mediis
716 1929 902 1970 sustulit
935 1942 1012 1970 ora
1046 1929 1171 1971 vadis

105 2002 250 2057 Atque
279 2003 346 2045 ita
384 2004 513 2058 «quid
546 2007 750 2047 nostras»
789 2005 899 2048 dixit
937 2008 1068 2049 «teris
1102 2008 1233 2049 anxia
1264 2008 1396 2061 ripas,

165 2080 264 2132 nia,
297 2080 351 2123 ab
382 2081 500 2123 Idaeo
532 2082 839 2124 Laomedonte
873 2087 1047 2137 genus?

109 2157 206 2209 Quo
238 2159 385 2202 cultus
417 2160 564 2202 abiere
596 2162 697 2203 tui‘?
734 2162 840 2216 quid
872 2163 969 2204 sola
1000 2165 1188 2217 vagaris,

165 2234 290 2279 Vitta
319 2250 401 2279 nec
434 2238 630 2280 evinctas
661 2239 836 2293 inpedit
867 2241 969 2282 alba
1001 2246 1183 2283 comas?

108 2313 226 2366 Quid
255 2314 336 2357 fles
369 2317 413 2358 et
443 2316 646 2359 madidos
678 2318 875 2360 lacrimis
909 2321 1156 2374 corrumpis
1190 2320 1353 2361 ocellos

165 2390 437 2448 Pectoraque
469 2394 631 2436 insana
663 2396 841 2450 plangis
874 2400 1030 2450 aperta
1061 2400 1233 2439 manu?

106 2467 190 2510 Ille
220 2468 357 2511 habet
389 2473 432 2512 et
465 2471 611 2513 silices
646 2474 688 2512 et
720 2473 871 2514 vivum
904 2474 953 2514 in
984 2478 1164 2528 pectore
1198 2476 1378 2524 ferrum,

168 2543 255 2597 Qui
285 2548 440 2588 tenero
472 2547 679 2590 lacrimas
713 2549 863 2592 lentus
905 2551 953 2591 in
988 2564 1062 2592 ore
1095 2551 1227 2593 videt.

105 2621 202 2672 Ilia,
235 2636 352 2678 pone
384 2626 556 2667 metus!
589 2626 671 2667 tibi
703 2627 825 2680 regia
856 2630 1012 2669 nostra
1042 2629 1226 2682 patebit,

98 2683 107 2691 ⁸
166 2700 311 2755 Teque
343 2703 492 2744 colent
525 2717 705 2754 amnes;
740 2705 839 2755 Ilia,
874 2719 993 2759 pone
1026 2708 1199 2749 metus!

1454 162 1503 198 75

1458 626 1500 651 85

1457 1014 1500 1040 40

1457 1404 1498 1428 45

1454 1795 1498 1819 50

1455 2184 1496 2209 55

1454 2571 1496 2596 60
