1786 3034
633 159 812 190 monum
827 160 870 190 v1.
896 158 931 188 2.
1493 143 1531 178 11

148 281 292 336 Asper
323 293 463 336 equus
495 279 617 322 duris
649 277 940 321 contunditur
972 291 1050 319 ora
1080 277 1258 331 lupatis,
1497 297 1533 320 15

208 357 355 400 Frena
384 357 535 398 minus
568 356 717 406 sentit,
753 355 953 410 quisquis
991 354 1047 396 ad
1079 368 1203 396 arma
1234 354 1350 396 facit.

149 436 305 479 Acrius
336 436 504 478 invitos
535 436 766 490 multoque
800 434 992 476 ferocius
1024 436 1164 487 urget,

211 512 355 566 Quam
388 512 463 568 qui
497 513 727 555 servitium
760 513 872 554 ferre
906 513 1114 561 fatentur,
1148 511 1299 552 Amor.

147 591 218 635 En
249 605 331 647 ego
364 590 599 633 confiteor:
632 594 710 632 tua
743 604 842 632 sum
874 603 990 631 nova
1020 588 1179 644 praeda,
1215 587 1411 643 Cupid0;

206 667 481 723 Porrigimus
513 668 652 710 victas
686 667 741 709 ad
772 670 851 708 tua
880 667 981 708 iura
1011 679 1184 708 manus.
1496 685 1533 708 20

147 744 223 787 Nil
254 758 368 800 opus
400 747 467 787 est
498 744 642 787 bello:
675 745 855 786 veniam
887 757 1127 798 pacemque
1160 756 1380 796 rogamus

208 823 298 865 Nec
326 823 411 865 tibi
442 822 540 865 laus
574 823 708 864 armis
741 822 883 864 victus
917 822 1101 863 inermis
1135 834 1223 864 ero.

147 899 282 944 Necte
315 914 490 943 comam
520 903 678 954 myrto,
714 893 940 942 maternas
973 901 1107 954 iunge
1140 898 1397 941 columbas!

209 978 296 1031 Qui
322 979 490 1030 deceat,
525 993 703 1021 currum
735 979 918 1020 vitricus
951 979 1046 1032 ipse
1081 977 1215 1026 dabit,

146 1055 288 1110 Inque
321 1055 424 1098 dato
457 1069 601 1106 curru,
635 1056 802 1110 populo
837 1056 1057 1097 clamante
1092 1055 1383 1107 triumphum,
1494 1072 1531 1096 π

208 1131 354 1175 Stabis
387 1136 432 1175 et
464 1132 695 1175 adiunctas
730 1135 822 1174 arte
855 1132 1054 1174 movebis
1088 1145 1214 1180 aves;

146 1209 378 1252 Ducentur
408 1210 527 1264 capti
558 1211 743 1252 iuvenes
776 1212 1001 1263 captaeque
1034 1209 1221 1263 puellae:

205 1288 313 1331 Haec
344 1289 426 1330 tibi
457 1288 720 1343 magnificus
751 1302 917 1343 pompa
948 1288 1203 1342 triumphus
1237 1287 1332 1328 erit.

148 1365 251 1421 Ipse
277 1381 370 1422 ego,
395 1367 545 1422 praeda
575 1381 742 1417 recens,
767 1368 934 1409 factum
956 1365 1088 1408 modo
1111 1366 1275 1408 vulnus
1298 1365 1468 1406 habebo

205 1444 262 1487 Et
292 1458 411 1487 nova
442 1446 617 1499 captiva
649 1446 828 1487 vincula
859 1447 1008 1486 mente
1042 1445 1206 1492 feram3
1493 1461 1531 1485 30

145 1521 275 1565 Mens
306 1523 435 1565 Bona
466 1523 651 1565 ducetur
682 1523 890 1564 manibus
923 1524 1025 1576 post
1056 1524 1181 1575 terga
1212 1519 1391 1562 retortis

203 1597 262 1641 Et
291 1599 440 1642 Pudor
471 1603 515 1642 et
547 1601 706 1642 castris
739 1599 954 1655 quidquid
985 1599 1162 1641 Amoris
1196 1598 1333 1639 obest.

145 1675 311 1719 Omnia
341 1679 384 1719 te
417 1679 631 1727 metuent,
666 1677 724 1718 ad
754 1681 797 1719 te
831 1691 911 1718 sua
943 1677 1150 1718 bracchia
1180 1675 1369 1717 tendens

205 1754 375 1811 Vulgus
414 1756 506 1797 «io»
543 1769 707 1809 magna
738 1769 844 1797 voce
884 1755 1158 1808 «triumphe»
1198 1756 1338 1795 canet.

146 1830 384 1875 Blanditiae
417 1834 602 1875 comites
635 1833 719 1874 tibi
751 1835 882 1874 erunt
913 1833 1134 1887 Errorque
1167 1831 1407 1885 Furorque,
1493 1850 1530 1873 2⁵

205 1909 399 1953 Adsidue
431 1913 581 1965 partes
615 1910 744 1952 turba
777 1913 928 1952 secuta
959 1914 1086 1952 tuas:

144 1985 231 2029 His
260 1989 312 2030 tu
342 1988 562 2030 militibus
595 2001 779 2042 superas
812 1987 1107 2042 hominesque
1142 1987 1346 2040 deosque.

204 2063 312 2106 Haec
343 2065 425 2106 tibi
458 2065 497 2106 si
529 2065 680 2107 demas
714 2065 959 2115 commoda,
994 2064 1141 2106 nudus
1175 2063 1273 2105 eris.

144 2139 270 2183 Laeta
298 2142 598 2196 triumphanti
631 2142 683 2183 de
718 2155 893 2183 summo
926 2144 1069 2183 mater
1103 2140 1291 2195 Olympo

205 2219 392 2262 Plaudet
423 2222 467 2262 et
499 2220 724 2275 adpositas
759 2224 934 2274 sparget
966 2221 1015 2261 in
1048 2234 1125 2262 ora
1158 2232 1293 2269 rosas,
1494 2238 1531 2262 ιο

144 2294 212 2337 Τιι
242 2296 406 2350 pinnas
439 2311 626 2351 gemma,
661 2311 837 2352 gemma
869 2298 1070 2339 variante
1104 2297 1290 2351 capillos

205 2371 297 2415 Ibis
327 2374 378 2415 in
410 2375 578 2434 auratis
611 2388 770 2416 aureus
810 2375 906 2428 ipse
939 2374 1061 2415 rotis.

144 2448 268 2492 Tunc
299 2463 473 2506 quoque
505 2464 599 2493 non
630 2465 806 2506 paucos,
834 2452 870 2493 si
904 2455 946 2493 te
970 2452 1081 2493 bene
1115 2451 1334 2499 novimus,
1356 2464 1469 2500 ures,

206 2527 328 2571 Tunc
361 2543 536 2584 quoque
568 2531 828 2584 praeteriens
861 2531 1049 2572 vulnera
1079 2531 1224 2572 multa
1256 2530 1404 2578 dabis;

144 2604 247 2647 Non
276 2609 478 2661 possunt,
514 2608 618 2649 licet
650 2608 744 2661 ipse
778 2608 902 2658 velis,
938 2621 1109 2649 cessare
1144 2607 1328 2660 sagittae,
1494 2624 1531 2648 4⁵

205 2681 394 2725 Fervida
425 2685 572 2726 vicino
604 2684 785 2727 flamma
815 2698 977 2738 vapore
1010 2687 1152 2726 nocet.
