1786 3034
257 155 302 189 ss

837 171 1018 200 AMORUM
1041 171 1087 200 11.
1118 171 1172 201 16.

375 289 461 329 Aut
492 289 701 329 iuvenum
735 290 915 330 comites
948 290 1183 332 iussissent
1213 292 1275 332 ire
1308 289 1499 346 puellas‚'

435 365 480 405 Si
514 365 597 406 fuit
627 365 675 406 in
707 366 862 418 longas
892 369 1010 408 terra
1043 368 1230 409 secanda
1260 369 1380 412 vias!

376 442 485 482 Tum
517 443 642 491 mihi,
681 443 718 484 si
748 456 993 496 premerem
1025 447 1232 486 ventosas
1264 446 1469 488 horridus
1499 447 1648 503 Alpes,
1745 439 1759 490 f

315 538 352 561 ρο
435 519 685 560 Dummodo
719 533 818 560 cum
852 519 1043 570 domina,
1079 517 1212 563 molle
1245 523 1404 565 fuisset
1434 524 1541 575 ite1·;

376 594 485 636 Cum
518 579 699 636 domina
731 596 918 649 Libycas
953 598 1096 638 ausim
1129 612 1412 653 perrumpere
1446 599 1592 654 Syrtes

434 672 488 712 Et
521 671 621 713 dare
654 686 745 713 non
779 674 915 727 aequis
948 674 1045 715 vela
1077 675 1257 716 ferenda
1287 676 1437 726 Notis;

376 751 473 790 Non
507 764 599 803 quae
632 751 828 803 virgineo
862 754 1066 804 portenta
1101 752 1180 794 sub
1211 753 1394 806 inguine
1425 733 1604 805 latrant,

434 827 521 867 Nec
551 828 733 868 timeam
764 830 952 883 vestros,
981 843 1112 870 curva
1144 829 1300 879 Malea,
1336 831 1473 879 sinus,

315 922 351 945 25
375 903 471 943 Non
505 916 612 956 quas
647 903 885 944 submersis
918 905 1086 946 ratibus
1120 909 1315 948 saturata
1348 906 1610 962 Charybdis,

436 979 602 1020 Fundit
635 982 677 1020 et
710 980 869 1021 effusas
905 994 979 1022 ore
1010 985 1204 1036 receptat
1237 997 1384 1038 aquas.

377 1057 502 1107 Quod
536 1058 573 1098 si
604 1058 799 1110 Neptuni
830 1060 1015 1100 ventosa
1046 1060 1246 1112 potentia
1277 1061 1425 1109 vincit,

434 1135 489 1175 Et
521 1136 811 1176 subventuros
845 1137 1012 1177 auferet
1044 1137 1164 1178 unda
1197 1137 1312 1187 deos,

375 1211 437 1252 Tu
468 1213 633 1253 nostris
665 1213 819 1254 niveos
850 1214 1015 1254 umeris
1048 1214 1212 1267 inpone
1244 1216 1456 1257 lacertos:

314 1307 352 1330 230
434 1287 625 1342 Corpore
658 1302 738 1329 nos
773 1289 891 1330 facili
923 1289 1048 1331 dulce
1080 1290 1270 1332 feremus
1304 1305 1442 1341 onus;
1552 1341 1554 1344 y

375 1362 496 1417 Saepe
529 1367 685 1417 petens
717 1365 878 1406 Heron.
900 1366 1072 1407 iuvenis
1105 1369 1413 1410 transnaverat
1443 1367 1610 1411 undas:

432 1441 541 1481 Tum
574 1454 743 1494 quoque
776 1444 1064 1492 transnasset,
1099 1443 1177 1484 sed
1206 1444 1279 1484 via
1309 1457 1421 1486 caeca
1451 1445 1547 1488 fuit.

373 1517 427 1557 At
462 1517 558 1558 sine
590 1519 644 1566 te,
682 1518 881 1570 quamvis
914 1519 1089 1572 operosi
1120 1519 1284 1561 vitibus
1316 1521 1408 1574 agri

419 1592 503 1634 ‘Me
537 1596 730 1644 teneant,
769 1596 969 1648 quamvis
1003 1596 1209 1637 amnibus
1242 1610 1345 1638 arva
1375 1599 1544 1646 natent,

314 1689 353 1711 35
374 1669 430 1711 Et
461 1673 585 1711 vocet
618 1671 664 1712 in
697 1671 814 1713 rivos
848 1675 1096 1714 currentem
1128 1673 1317 1714 rusticus
1348 1672 1526 1723 undam,

432 1747 695 1801 Frigidaque
728 1748 933 1789 arboreas
964 1749 1158 1790 mulceat
1191 1762 1299 1790 aura
1329 1762 1490 1798 comas,

375 1822 472 1863 Non
505 1836 584 1876 ego
617 1823 835 1877 Paelignos
866 1825 1017 1866 videor
1048 1826 1268 1867 celebrare
1300 1825 1509 1875 salubres,

432 1898 531 1940 Non
564 1913 643 1952 ego
676 1902 884 1950 natalem,
919 1915 1020 1943 rura
1051 1906 1249 1956 paterna,
1282 1902 1442 1952 locum,

305 1984 313 1994 ·
377 1975 462 2015 Sed
483 1973 709 2029 Scythiam
731 1976 976 2031 Cilicasque
998 1979 1114 2020 feros
1136 1979 1385 2032 vitreosque
1407 1978 1660 2029 Britannos,

315 2071 352 2094 ιο
435 2051 624 2105 Quaeque
655 2053 917 2094 Prometheo
952 2067 1054 2095 saxa
1085 2068 1240 2096 cruore
1272 2055 1443 2096 rubent.

376 2127 532 2169 Ulmus
566 2131 685 2169 amat
717 2129 863 2179 vitem,
898 2130 1000 2171 vitis
1033 2143 1124 2171 non
1157 2130 1318 2171 deserit
1349 2130 1548 2171 ulmum:

437 2202 623 2257 Separor
654 2217 680 2244 a
711 2204 890 2245 domina
921 2218 999 2246 cur
1030 2219 1109 2259 ego
1143 2219 1255 2259 saepe
1286 2208 1418 2247 mea?

374 2280 431 2320 At
462 2281 573 2321 mihi
605 2283 647 2321 te
681 2282 887 2322 comitem
919 2282 1089 2323 iuraras
1119 2295 1258 2335 usque
1290 2282 1487 2323 futuram

434 2356 516 2397 Per
547 2370 616 2398 me
648 2371 810 2411 perque
844 2358 1006 2407 oculos,
1042 2357 1185 2399 sidera
1215 2360 1378 2407 nostra,
1414 2360 1543 2398 tuos:

316 2451 351 2473 π,
376 2431 518 2473 Verba
549 2433 811 2486 puellarum,
846 2434 963 2475 foliis
996 2435 1162 2476 leviora
1194 2434 1379 2483 caducis,

434 2509 586 2559 Inrita,
621 2523 706 2563 qua
736 2510 938 2561 visumst,
972 2513 1130 2552 ventus
1163 2513 1206 2551 et
1236 2510 1356 2551 unda
1387 2511 1545 2551 ferunt.

377 2584 510 2637 Siqua
541 2586 629 2626 mei
661 2588 810 2627 tamen
843 2585 989 2628 estin
1021 2589 1063 2628 te
1095 2587 1170 2640 pia
1201 2599 1304 2627 cura
1334 2586 1487 2636 relicti,

434 2662 583 2715 Incipe
615 2663 827 2716 pollicitis
861 2663 1018 2704 addere
1051 2665 1166 2705 facta
1197 2664 1286 2705 tuis
