1786 3034
183 86 252 120 948
670 101 672 105 ’
763 102 819 130 AD
838 101 904 129 111.
929 100 964 139 8,
987 99 1105 130 5—27.

181 217 375 255 barbarus
403 216 490 266 ipse
519 216 690 265 placet».
721 239 773 242 --<
800 217 986 265 suscipit,
1015 215 1158 264 discit;
1189 215 1238 255 cf.
1258 215 1366 255 infra
1393 216 1674 257 νε..25;,11)1-

181 288 293 333 scite,
324 287 392 336 qui
421 287 577 336 sapitis,
607 300 691 325 non
721 299 809 336 quae
838 300 914 325 nos
942 287 1093 325 scimus
1121 285 1313 326 inertes».
1341 310 1395 315 —
1415 290 1672 328 tenerum...

181 372 364 407 carmen,
394 358 530 408 poesis
559 359 771 397 amatoria.
802 382 853 385 »--
883 361 1007 405 dotes,
1037 357 1230 408 pretium.

252 431 298 469 V.
329 432 445 470 5--6,
481 431 587 469 Cum
611 430 787 480 pulchre
815 430 1001 469 dominae
1027 430 1162 467 ‘nostri
1183 431 1382 478 placuere
1411 429 1551 476 libelli,
1582 430 1674 478 Quo

181 504 300 541 licuit
330 503 458 550 libris,
486 515 573 541 non
605 503 697 541 licet
724 502 786 540 ire
814 502 934 547 mihi,
963 501 1085 550 poeta
1112 501 1207 538 ante
1237 499 1373 539 oculos
1392 499 1538 540 habuit.
1552 501 1672 551 Prop.

178 574 233 613 II.
265 575 328 619 24,
358 573 541 612 21-22:
571 573 658 612 «Μο
699 572 820 611 1110ᾶο
861 571 1054 610 laudabas
1095 572 1136 610 et
1176 570 1359 609 carmina
1400 571 1672 622 nosti-alege-

177 646 268 684 bas:
297 644 372 683 Ille
401 646 495 683 tuus
524 657 682 694 pennas
711 645 796 682 tam
826 642 906 682 cito
933 642 1056 681 vertit
1084 655 1237 681 amor».

250 715 299 755 V.
330 716 366 754 8.
398 717 479 754 huc
507 717 609 754 illuc
631 745 639 754 .
663 748 670 755 .
693 746 701 754 .
724 727 781 762 eo,
813 727 836 752 a
864 714 1006 752 limine
1035 714 1223 764 repulsus
1251 715 1433 753 incertus
1462 720 1570 754 erross

249 786 296 825 V.
327 789 351 825 9
383 786 471 825 —11.
512 800 653 825 recens
694 787 816 834 dives,
859 785 981 824 modo
1024 785 1137 824 dives
1179 786 1322 845 factus.
1363 809 1415 813 ——
1449 793 1592 833 censu„-
1617 798 1672 825 se.

178 858 370 908 equestri.
480 858 690 907 sanquine
714 862 874 907 pastus,
905 856 1126 906 saginatus,
1156 856 1182 895 i.
1213 869 1246 895 e.
1277 855 1510 895 ditatua—
1537 867 1670 906 eques,

183 929 352 968 Ovidius
382 930 555 979 opponit
583 942 625 966 se
654 930 790 966 vetere
831 929 1011 978 equestri
1049 927 1206 966 familia
1246 928 1380 966 ortum
1407 926 1532 965 militi
1558 926 1671 977 igno-

177 1000 261 1046 bili,
293 1001 363 1050 qui
389 999 528 1051 praeda
556 999 708 1037 ditatus
738 998 917 1047 equestri
946 998 1080 1036 ordini
1109 997 1310 1047 ascriptus
1350 984 1435 1044 est;
1474 997 1523 1037 cf.
1563 996 1672 1036 infra

181 1072 257 1110 III.
292 1072 353 1117 15,
382 1071 499 1111 5—6.
528 1071 662 1122 (poeta
690 1069 738 1108 de
769 1070 852 1120 se):
901 1069 1067 1119 «Siquid
1099 1069 1143 1107 id
1182 1070 1257 1115 est,
1295 1079 1425 1118 usque
1458 1080 1486 1108 3,
1508 1067 1670 1118 proavis

174 1143 291 1180 vetus
321 1141 476 1180 ordinis
515 1141 648 1187 heres,
690 1141 782 1179 Non
821 1141 943 1179 modo
982 1140 1141 1178 militiae
1171 1139 1333 1179 turbine
1360 1139 1492 1178 faetus
1520 1150 1665 1189 eques»

175 1215 216 1251 et
244 1213 363 1252 Trist.
383 1213 454 1259 IV,
478 1213 537 1258 10,
560 1213 608 1251 8:
636 1212 748 1250 «Non
768 1225 858 1249 sum
886 1211 1060 1250 fortunae
1088 1223 1259 1249 munere
1286 1209 1416 1249 factus
1435 1221 1598 1258 eques».
1613 1223 1671 1242 ‹2-

177 1285 301 1322 Hunc
324 1290 442 1334 potes
470 1285 667 1333 amplecti
694 1285 896 1333 formosis,
926 1284 1023 1331 vita,
1054 1284 1228 1328 lacertis,
1258 1283 1380 1332 poeta
1407 1283 1503 1320 ante
1531 1281 1668 1324 oculos

175 1355 318 1394 habuit
358 1355 478 1405 Prop.
520 1355 574 1394 H.
621 1355 680 1400 16,
723 1354 894 1394 23m24.
939 1354 1006 1404 (de
1047 1356 1221 1405 praetore
1249 1354 1412 1404 Illyrico
1442 1353 1667 1405 Cynthiae):

181 1427 394 1476 «septenas
423 1427 564 1464 noctes
593 1426 779 1464 seiuncta
806 1425 978 1471 cubaris,
1010 1425 1192 1464 Candida
1219 1427 1305 1463 tam
1333 1425 1440 1464 foedo
1478 1424 1670 1465 bracchia

172 1497 262 1535 fusa
289 1498 415 1536 viro».

244 1569 291 1607 V.
325 1569 493 1607 14—15.
525 1569 645 1613 latus,
676 1567 850 1613 lumbus,
879 1570 925 1606 ut
954 1581 1078 1618 supra
1104 1567 1181 1607 III.
1212 1567 1248 1613 7,
1278 1567 1341 1606 36.
1371 1590 1424 1594 —
1451 1569 1564 1617 quod
1592 1567 1668 1607 tibi

171 1641 306 1686 servit,
337 1652 460 1677 sensu
491 1639 678 1684 obsceno,
707 1641 753 1676 ut
783 1652 905 1688 supra
944 1639 1022 1678 III.
1066 1640 1102 1685 7,
1144 1639 1219 1678 24:
1255 1637 1408 1678 «officio
1435 1651 1568 1685 meo»,
1596 1637 1667 1677 ubi

171 1710 219 1749 cf.
251 1710 343 1750 adn.
373 1734 424 1737 ff
453 1723 604 1757 serum,
635 1723 725 1748 sero
753 1711 929 1759 partum.
959 1734 1011 1737 —
1040 1714 1209 1756 aurum,
1240 1710 1386 1748 anulus
1415 1722 1572 1756 31110118,
1602 1708 1664 1747 111-

171 1781 285 1830 signe
315 1782 498 1831 equitum
518 1781 811 1820 Romanorum.

242 1852 289 1892 V.
320 1853 489 1891 23027.
522 1852 739 1891 Musarum
762 1865 900 1901 purus
942 1853 1167 1902 Phoebique
1207 1854 1407 1899 sacerdos,
1449 1863 1499 1889 ex
1536 1849 1662 1901 Lygd.

169 1923 206 1967 4,
236 1923 418 1961 43244:
455 1925 586 1961 «casto
615 1936 713 1961 nam
740 1923 817 1962 rite
846 1925 977 1973 poetae
1005 1923 1262 1973 Phoebusque
1291 1923 1332 1960 01
1359 1921 1546 1960 Bacchus
1572 1920 1662 1960 Pie-

168 1993 356 2042 ridesque
385 1993 562 2032 favent».
592 2017 644 2020 —
668 2006 816 2043 purus,
847 2006 900 2033 sc.
932 1993 1050 2032 caede.
1080 2017 1134 2020 -w
1160 1994 1322 2044 riyidas
1343 2022 1352 2031 .
1372 2023 1380 2032 .
1405 2025 1413 2033 .
1433 1994 1552 2043 soree,
1574 2003 1660 2030 oru-

90 2096 99 2108 ,
169 2063 290 2102 deles,
320 2087 372 2091 -—
402 2077 573 2103 carmen
613 2066 755 2111 inane,
797 2064 956 2103 inutile.
985 2088 1037 2091 »ἡ
1066 2077 1161 2114 quae
1199 2076 1275 2103 nos
1314 2063 1660 2105 scimusinertes,

169 2147 218 2171 ex
246 2135 384 2172 mente
413 2133 675 2172 inimicorum
717 2147 886 2184 poeseos
927 2134 1105 2181 dictum3
1147 2135 1194 2173 cf.
1226 2146 1349 2184 supra
1375 2134 1408 2174 I.
1443 2134 1502 2180 15,
1535 2133 1659 2172 1—2:

175 2205 303 2252 «Quid
330 2205 446 2251 mihi,
478 2205 604 2244 Livor
633 2205 747 2251 edax,
777 2206 945 2254 ignavos
975 2205 1101 2244 obicis
1130 2218 1260 2244 annos
1278 2203 1522 2254 Ingeniique
1539 2215 1659 2242 vocas

167 2289 334 2314 carmen
362 2276 508 2315 inertis
539 2290 639 2327 opus
651 2280 689 2315 ?,>
724 2300 776 2303 †—-
806 2281 941 2315 castra
970 2277 1097 2326 sequi,
1126 2278 1173 2314 ut
1201 2275 1287 2315 Tib.
1316 2275 1370 2315 H.
1400 2276 1436 2321 6,
1471 2275 1515 2314 1:
1563 2274 1656 2314 «Ca-

168 2349 251 2385 stra
279 2348 416 2386 Macer
445 2347 665 2397 sequitur».
695 2371 747 2374 ——
777 2349 940 2397 Proque
970 2347 1075 2386 bono
1104 2360 1222 2386 versu
1249 2348 1439 2397 primum
1467 2347 1658 2387 deducite

163 2419 314 2467 pilum,
344 2418 370 2456 i.
401 2431 433 2457 e.
464 2418 590 2457 nolite
618 2431 779 2456 versum
810 2418 1018 2464 deducere,
1049 2418 1120 2456 sed
1146 2418 1300 2468 pilum;
1330 2420 1530 2458 deducere
1558 2417 1601 2468 (i.
1623 2429 1656 2456 e.
1726 2447 1731 2451 .
1784 2409 1786 2429 ³

166 2491 375 2538 tamquam
405 2489 519 2540 nere)
547 2503 734 2529 versum:
765 2503 814 2529 ex
840 2491 940 2530 Hor.
972 2489 1054 2529 Sat.
1084 2490 1138 2529 Π.
1173 2490 1204 2535 1,
1236 2489 1364 2528 3-4ε
1401 2488 1656 2539 «similesque

163 2570 349 2597 meorum
378 2559 490 2597 Mille
532 2559 596 2598 die
636 2573 775 2598 versus
817 2560 961 2599 deduci
999 2574 1168 2610 posse»;
1211 2560 1259 2600 cf.
1300 2561 1400 2599 Hor.
1427 2559 1504 2610 Ep.
1531 2559 1588 2600 Π.
1621 2561 1653 2604 1,

165 2629 265 2668 225:
302 2630 438 2668 «tenui
479 2630 651 2670 deducta
687 2634 878 2681 poemata
918 2631 1022 2670 filio»
1070 2634 1109 2669 et
1137 2632 1256 2680 Prop.
1291 2631 1323 2676 1,
1358 2631 1417 2676 16,
1446 2631 1524 2669 41:
1560 2629 1655 2668 «tibi

1782 218 1786 230 ,
1767 0 1786 173 ,.,,’-.“.-...’.1
