1786 3034
618 174 801 204 AMORUM
825 173 873 201 Π.
901 171 936 202 6.

146 301 245 343 Nux
275 299 370 342 erat
402 310 503 339 esca
533 295 617 337 tibi
649 306 879 347 causaeque
911 303 1135 346 papavera
1167 288 1326 333 somni,

204 375 489 430 Pellebatque
522 373 644 415 sitim
677 370 894 424 simplicis
925 381 1056 410 umor
1088 380 1224 421 aquae.

146 454 269 499 Vivit
299 451 410 495 edax
439 451 592 494 vultur
623 448 876 501 ducensque
909 460 989 501 per
1021 459 1124 487 aera
1156 458 1287 499 gyros

205 530 376 573 Miluus
409 530 454 570 et
483 527 647 582 pluviae
680 525 887 580 graculus
921 525 1075 566 auctor
1108 536 1257 577 aquae3

147 608 268 653 Vivit
299 610 343 651 ct
375 606 594 650 armiferae
627 604 781 646 cornix
811 602 959 644 invisa
989 601 1214 650 Minervae,

206 686 295 730 Illa
325 685 504 741 quidem
536 683 678 726 saeclis
711 683 783 723 vix
814 681 1033 723 moritura
1064 692 1247 720 novem:

149 764 321 808 Occidit
349 763 432 806 illa
461 762 626 816 loquax
658 761 866 802 humanae
899 758 1020 800 vocis
1054 758 1215 810 imago,

207 842 443 890 Psittacus,
478 841 674 881 extremo
706 850 872 879 munus
906 836 960 877 ab
994 835 1097 876 orbe
1131 833 1308 875 datum!

151 919 333 976 Optima
361 917 509 973 prima
539 917 630 958 fere
662 915 872 957 manibus
904 914 1141 968 rapiuntur
1173 911 1330 959 avaris,

207 997 447 1052 Inplentur
476 994 676 1036 numeris
709 993 929 1035 deteriora
961 992 1080 1033 suis:

151 1075 314 1119 Tristia
341 1072 591 1129 Phylacidae
624 1071 849 1113 Thersites
882 1071 1041 1112 funera
1072 1068 1196 1114 vidit.

209 1153 393 1207 Iamque
426 1151 541 1193 cinis
573 1150 686 1192 vivis
719 1149 931 1191 fratribus
963 1147 1131 1189 Hector
1164 1149 1269 1188 erat.

153 1229 270 1284 Quid
299 1229 488 1272 referam
518 1227 686 1270 timidae
717 1240 798 1281 pro
829 1229 873 1268 te
906 1226 981 1279 pia
1012 1227 1115 1266 vota
1146 1224 1320 1278 puellae,

210 1307 327 1351 Vota
356 1305 606 1361 procelloso
638 1319 717 1359 per
747 1318 868 1346 mare
902 1305 1029 1357 rapta
1060 1303 1209 1344 Noto?

154 1384 354 1440 Septima
383 1385 459 1426 lux
489 1383 612 1432 venit
643 1396 736 1424 non
770 1381 1020 1424 exhibitura
1053 1382 1323 1434 sequentem,

213 1462 285 1515 (Et
317 1462 463 1504 stabat
494 1474 635 1503 vacuo
668 1460 760 1502 iam
792 1459 874 1501 tibi
906 1459 1043 1500 Parca
1074 1457 1189 1508 colo)

151 1541 241 1583 Nec
273 1542 426 1601 tamen
457 1539 617 1593 ignavo
652 1539 920 1591 stupuerunt
951 1535 1084 1576 verba
1114 1535 1291 1588 palato:

213 1615 434 1660 Clamavit
462 1616 660 1657 moriens
691 1615 847 1668 lingua
885 1612 1117 1662 «Corinna,
1151 1612 1248 1653 vale
1267 1612 1299 1653 Σ»

153 1693 276 1737 Colle
310 1693 391 1735 sub
421 1693 574 1747 Elysio
606 1693 735 1746 nigra
766 1705 925 1733 nemus
958 1691 1059 1732 ilice
1092 1689 1282 1737 frondet,

212 1771 396 1826 Udaque
427 1773 642 1825 perpetuo
675 1770 876 1824 gramine
908 1771 1026 1810 terra
1058 1768 1194 1809 viret:

155 1848 291 1904 Siqua
320 1848 433 1892 fides
465 1847 627 1898 dubiis,
662 1848 894 1889 volucrum
926 1846 1051 1888 locus
1084 1846 1160 1887 ille
1193 1845 1370 1899 piarum

211 1927 396 1979 Dicitur,
433 1927 634 1970 obscenae
668 1939 754 1980 quo
786 1924 1082 1980 prohibentur
1115 1937 1217 1965 aves
1233 1938 1242 1972 ;

151 2005 252 2048 mio
283 2006 466 2048 innocui
500 2006 588 2047 late
622 2006 870 2059 pascuntur
902 2004 1047 2045 olores

211 2083 270 2126 Et
299 2083 428 2126 vivax
458 2083 654 2137 phoeniX,
688 2083 823 2123 unica
856 2095 1030 2135 semper
1062 2080 1181 2128 avis;

153 2160 360 2216 Explicat
389 2161 490 2215 ipsa
523 2174 625 2202 suas
663 2161 756 2202 ales
787 2159 982 2201 Iunonia
1012 2158 1191 2213 pinnas,

213 2237 376 2280 Oscula
407 2237 482 2279 dat
513 2236 675 2291 cupido
708 2236 874 2278 blanda
907 2236 1114 2278 columba
1147 2235 1273 2276 mari.

151 2315 373 2358 Psittacus
403 2316 486 2357 has
519 2315 638 2357 inter
669 2314 891 2356 nemorali
923 2312 1025 2355 sede
1059 2314 1262 2366 receptus
1296 2356 1298 2358 ,

213 2391 442 2439 Convertit
473 2392 675 2434 volucres
710 2391 757 2433 in
790 2405 870 2434 sua
902 2391 1036 2432 verba
1067 2390 1179 2444 pias.

153 2468 266 2512 Ossa
285 2469 396 2524 tegit
417 2469 628 2520 tumulus,
653 2469 854 2511 tumulus
876 2482 957 2522 pro
981 2481 1163 2522 corpore
1186 2480 1388 2520 magnus,

215 2545 312 2599 Quo
344 2546 460 2601 lapis
494 2547 679 2600 exiguus
710 2559 792 2600 par
825 2546 910 2588 sibi
943 2558 1123 2587 carmen
1156 2545 1315 2593 habet:

159 2622 381 2678 «Colligor
412 2637 464 2665 ex
494 2624 593 2678 ipso
627 2622 819 2664 dominae
851 2623 1074 2677 placuisse
1108 2621 1336 2676 sepulcr03

215 2699 303 2743 Ora
333 2701 456 2742 fuere
488 2701 600 2742 mihi
633 2701 735 2754 plus
771 2714 848 2742 ave
882 2699 1012 2741 docta
1042 2699 1208 2753 loqui.»

1496 617 1534 642 35

1498 1007 1537 1031 40

1498 1395 1537 1420 45

1500 1785 1539 1809 50

1501 2174 1539 2198 55

1502 2561 1541 2586 60
