1786 3034
567 188 750 218 monum
776 188 841 217 111.
873 185 930 217 14.
1456 172 1501 206 91

114 309 276 366 Ignoto
307 309 518 352 meretrix
542 321 702 362 corpus
735 308 944 348 iunctura
977 306 1141 357 Quiriti

176 387 394 443 Opposita
422 386 641 441 populum
674 387 925 427 summovet
958 387 1060 425 ante
1094 397 1218 425 sera:
1465 401 1504 426 ιο

116 465 182 508 'ru
211 461 563 520 tua'prostitues
596 464 724 505 famae
757 465 939 516 peccata
973 461 1165 502 sinistrae

177 533 416 585 Commissi
446 554 634 595 perages
666 539 974 594 indiciumque
1006 538 1109 580 tui?

118 611 196 662 Sit'
215 618 300 662 tibi
329 632 456 660 mens
488 618 660 667 melior,
697 618 911 659 saltemve
944 617 1120 658 imitare
1153 615 1350 670 pudicas,

177 696 322 752 Teque
354 696 552 751 probam,
588 695 790 750 quamvis
822 708 917 736 non
951 695 1049 743 eris,
1087 707 1182 735 esse
1215 694 1394 748 putem!

120 773 226 827 Quae
259 774 380 824 facis,
415 774 510 815 haec
542 774 704 822 facit03
738 776 915 814 tantum
948 773 1105 814 fecisse
1140 774 1314 826 negato,
1469 791 1507 815 ιε

177 850 269 894 Nec
298 850 463 906 pudeat
495 864 644 892 coram
676 850 809 891 verba
840 849 1042 891 modesta
1073 849 1223 902 loqui!

117 914 198 971 Es't
229 929 312 984 qui
336 929 584 984 nequitiam
618 929 742 970 locus
776 928 946 982 exigat:
982 927 1190 969 omnibus
1223 926 1352 967 illum

179 1005 364 1054 Deliciis
395 1006 533 1065 inple,
568 1009 657 1048 stet
687 1006 845 1060 procul
877 1005 982 1047 inde
1014 1005 1184 1060 pudor!

121 1083 240 1126 Hinc
271 1083 407 1126 simul
438 1076 607 1132 exieris,
642 1083 825 1125 lascivia
857 1083 1063 1137 protinus
1098 1082 1245 1122 omnis

182 1161 323 1211 Absit,
359 1163 403 1204 et
433 1162 482 1203 in
514 1162 629 1204 lecto
663 1162 851 1203 crimina
882 1175 998 1215 pone
1032 1161 1136 1202 tuo!
1471 1177 1511 1201 20

121 1238 221 1281 Illic
251 1252 334 1281 nec
365 1239 566 1280 tunicam
596 1239 680 1280 tibi
714 1239 771 1280 sit
803 1239 1007 1293 posuisse
1040 1237 1201 1292 pudori

182 1317 271 1360 Nec
302 1318 462 1360 femori
493 1317 740 1372 inpositum
774 1317 1043 1358 sustinuisse
1077 1318 1246 1364 semum

121 1394 232 1437 Illic
251 1395 486 1450 purpureis
520 1395 738 1437 condatur
769 1395 924 1448 lingua
955 1394 1144 1443 labellis,

147 1517 158 1525 ,
181 1473 322 1529 Inque
354 1473 512 1516 modos
543 1474 762 1516 Venerem
794 1473 918 1514 mille
951 1472 1109 1526 figuret
1143 1485 1292 1519 amor;

122 1549 222 1592 Illic
252 1563 334 1592 nec
366 1563 495 1592 voces
528 1563 611 1591 nec
642 1550 776 1591 verba
807 1549 1010 1591 iuvantia
1043 1550 1228 1598 cessent,
1472 1567 1511 1591 κε

185 1626 451 1683 Spondaque
483 1627 649 1668 lasciva
680 1628 933 1669 mobilitate
965 1627 1153 1668 tremat!

124 1705 266 1748 Indue
299 1720 400 1748 cum
429 1707 596 1748 tunicis
628 1709 903 1748 metuentem
932 1706 1120 1747 crimina
1152 1706 1336 1750 vultum,

184 1783 242 1825 Et
272 1783 416 1838 pudor
446 1784 693 1825 obscenum
726 1783 970 1825 diffiteatur
1004 1797 1140 1841 opus;

125 1859 194 1902 Da
223 1860 403 1915 populo,
439 1861 495 1903 da
525 1852 663 1903 verba¹
689 1861 827 1910 mihi;
863 1861 971 1909 sine,
1006 1860 1184 1901 nescius
1218 1873 1371 1907 errem,

188 1937 244 1980 Et
275 1938 411 1981 liceat
444 1939 580 1981 stulta
614 1939 875 1980 credulitate
910 1939 1023 1981 frui!
1476 1956 1517 1980 30

129 2013 216 2057 Cur
246 2016 412 2058 totiens
443 2016 571 2058 video
605 2018 724 2058 mitti
756 2017 980 2071 recipique
1016 2017 1237 2058 tabellas?

189 2091 278 2136 Cur
307 2107 487 2148 pressus
520 2095 642 2148 prior
675 2097 743 2136 est
775 2095 1050 2148 interiorque
1082 2096 1240 2136 torus?

130 2169 218 2213 Cur
249 2172 350 2225 plus
383 2186 515 2226 quam
549 2186 708 2213 somno
739 2172 944 2213 turbatos
979 2186 1075 2213 esse
1110 2171 1296 2226 capillos

193 2247 404 2304 Collaque
437 2250 666 2304 conspicio
700 2250 847 2291 dentis
880 2251 1041 2292 habere
1076 2252 1263 2292 notam?

130 2326 322 2369 Tantum
352 2341 445 2368 non
478 2329 629 2369 oculos
662 2329 829 2369 crimen
863 2328 1041 2371 deducis
1076 2328 1131 2370 ad
1162 2330 1309 2382 ipsos;
1477 2349 1517 2375 3⁵

192 2402 238 2446 Si
271 2404 447 2447 dubitas
480 2406 609 2447 famae
640 2421 831 2460 parcere,
867 2421 1002 2460 parce
1035 2408 1174 2449 mihi!

131 2480 260 2523 Mens
294 2483 386 2524 abit
418 2486 461 2524 et
492 2484 671 2534 morior,
707 2485 914 2539 quotiens
948 2498 1154 2538 peccasse
1190 2486 1354 2529 fateris,

191 2559 359 2614 Perque
391 2574 515 2603 meos
547 2564 671 2603 artus
705 2562 866 2614 frigida
899 2564 1023 2615 gutta
1056 2561 1165 2603 fluit.

133 2636 258 2679 Tunc
291 2651 403 2686 am0‚
437 2642 544 2679 tunc
578 2638 652 2679 odi
683 2640 860 2685 frustra,
892 2639 1010 2693 quod
1033 2653 1180 2681 amare
1204 2643 1454 2690 necessest;

195 2713 316 2755 Tunc
349 2728 442 2768 ego,
478 2715 555 2757 sed
585 2718 746 2765 tecum,
783 2701 985 2758 mortuus
1020 2731 1114 2758 esse
1149 2718 1298 2759 velim.
1479 2738 1519 2762 ιο
