1786 3034
620 162 800 192 monum
832 163 862 193 1.
893 161 949 191 io.
964 204 970 210 1
1495 145 1542 181 ⁵27

90 281 268 336 ‚Sumite
298 282 348 324 in
380 282 633 337 exemplum
666 281 858 336 pecudes
891 281 1067 322 ratione
1100 283 1331 322 carentes:
1504 301 1543 326 25

154 359 299 415 Turpe
331 359 429 409 erit,
462 359 696 413 ingenium
729 359 884 401 mitius
917 371 1013 400 esse
1048 358 1166 399 feris.

95 436 198 479 Non
229 449 343 492 equa
372 450 538 479 munus
571 449 745 491 equum,
781 449 875 477 non
896 438 1076 476 taurum
1098 447 1232 476 vacca
1263 436 1478 488 poposcit,

154 514 257 558 Non
288 515 404 558 aries
435 515 647 569 placitam
679 528 864 556 munere
897 516 1049 568 captat
1082 527 1233 562 ovem;

97 589 205 635 Sola
233 592 330 634 viro
360 592 526 634 mulier
556 591 714 646 spoliis
747 592 917 632 exultat
950 591 1189 645 ademptis,

158 666 265 711 Sola
293 669 413 711 locat
443 671 610 718 noctes,
647 669 743 710 sola
773 667 964 709 locanda
995 668 1121 709 venit
1505 689 1546 713 ³0

18 800 19 803 Ἴ
95 745 155 788 Et
174 746 339 797 vendit,
358 746 475 801 quod
495 748 735 800 utrumque
756 746 892 794 iuvat,
913 746 1031 799 quod
1052 749 1238 800 uterque
1261 747 1450 800 petebat,

156 823 215 866 Et
243 824 452 879 pretium,
488 824 644 878 quanti
676 823 869 878 gaudeat
901 824 1012 877 ipsa,
1047 825 1165 865 facit.

99 901 206 955 Quae
237 902 390 946 Venus
423 917 474 945 ex
505 916 631 957 aequo
663 905 895 944 ventumst
928 904 1055 955 grata
1087 902 1273 946 duobus,

72 1032 74 1035 ἱ
156 979 310 1022 Altera
340 993 419 1022 cur
448 980 576 1022 illam
610 980 776 1030 vendit,
813 982 857 1021 et
890 980 1003 1021 alter
1036 980 1180 1021 emit?

99 1054 188 1099 Gur
217 1056 332 1100 mihi
364 1058 424 1100 sit
455 1057 633 1108 damno,
668 1058 751 1099 tibi
784 1058 842 1099 sit
872 1058 1050 1099 lucrosa
1081 1057 1300 1111 voluptas,
1508 1079 1547 1102 35

160 1133 304 1187 Quam
335 1136 457 1178 socio
490 1138 617 1178 motu
648 1137 818 1178 femina
850 1136 1004 1190 virque
1039 1136 1221 1177 ferunt?

97 1211 199 1254 Non
229 1212 345 1255 bene·
376 1213 584 1255 conducti
614 1213 815 1255 vendunt
847 1214 1044 1267 periuria
1075 1215 1226 1262 testes,

158 1289 260 1333 Non
291 1290 403 1333 bene
437 1292 591 1333 selecti
621 1292 783 1334 iudicis
817 1306 918 1333 arca
951 1294 1090 1346 patet.

100 1367 258 1423 Turpe,
290 1382 392 1411 reos
424 1371 574 1423 empta
605 1370 793 1411 miseros
826 1367 1064 1410 defendere
1096 1369 1277 1422 lingua;

162 1446 291 1499 Quod
321 1447 456 1489 faciat
486 1461 687 1501 magnas,
720 1449 850 1501 turpe
884 1447 1096 1497 tribunal,
1133 1460 1264 1500 opes:
1510 1468 1550 1491 40

101 1522 259 1578 Turpe,
290 1524 379 1566 tori
409 1523 556 1566 reditu
588 1537 746 1565 census
781 1537 941 1578 augere
973 1526 1186 1578 paternos

160 1599 219 1642 Et
248 1600 411 1643 faciem
440 1601 564 1643 lucro
596 1602 880 1655 prostituisse
915 1614 1059 1642 suam.

103 1676 258 1721 Gratia
287 1680 532 1733 proprebus
565 1680 725 1722 merito
759 1679 943 1721 debetur
973 1679 1214 1733 inemptis:

160 1755 245 1798 Pro
277 1756 396 1798 male
427 1757 646 1799 conducto
678 1758 821 1810 gratia
852 1757 980 1798 nulla
1014 1760 1126 1798 toro.

103 1832 266 1876 Omnia
297 1833 542 1876 conductor
573 1834 731 1876 solvit:
764 1833 966 1876 mercede
1001 1834 1149 1875 soluta
1512 1854 1551 1879 ιε

161 1909 263 1954 Νο11
294 1913 448 1953 manet
479 1911 625 1953 officio
659 1911 833 1953 debitor
864 1912 941 1953 ille
974 1914 1069 1953 tuo.

102 1988 286 2040 Parcite,
321 1990 540 2042 formosae,
574 1991 770 2045 pretium
802 2004 881 2044 pro
915 1993 1044 2031 nocte
1077 1990 1265 2044 pacisci;

162 2066 264 2109 Non
294 2067 430 2109 habet
461 2071 648 2110 eventus
682 2068 860 2110 sordida
891 2068 1040 2122 praeda
1074 2068 1244 2111 bonos:

103 2143 205 2186 Non
235 2145 322 2186 fuit
353 2145 552 2187 armillas
585 2147 702 2187 tanti
733 2146 961 2200 pepigisse
998 2144 1198 2195 Sabinas,

166 2221 225 2264 Ut
255 2227 510 2276 premerent
542 2237 675 2265 sacrae
707 2224 894 2277 virginis
929 2238 1053 2265 arma
1089 2227 1247 2278 caput;
1512 2244 1553 2268 50

105 2297 144 2339 E
175 2298 334 2353 quibus
367 2299 543 2349 exierat,
579 2301 753 2342 traiecit
784 2301 954 2342 viscera
986 2301 1101 2342 ferro

165 2375 322 2426 Filius,
359 2380 401 2420 et
432 2392 574 2432 poenae
607 2393 741 2420 causa
772 2379 941 2420 monile
974 2379 1072 2419 fuit.

107 2453 198 2496 Nec
227 2456 380 2497 tamen
412 2456 694 2510 indignumst
726 2470 752 2497 a
783 2456 918 2497 divite
950 2455 1137 2509 praemia
1168 2455 1318 2508 posci:

169 2531 358 2574 Munera
388 2534 591 2588 poscenti
625 2534 743 2589 quod
775 2533 879 2575 dare
912 2533 1071 2587 possit,
1106 2532 1264 2581 habet3

110 2606 287 2663 Carpite
320 2610 372 2652 de
403 2611 552 2665 plenis
583 2612 830 2665 pendentes
863 2612 1027 2653 vitibus
1060 2624 1182 2660 uvas,
1514 2630 1554 2655 ⁵⁶

170 2685 368 2729 Praebeat
399 2688 575 2731 Alcinoi
606 2703 741 2743 poma
772 2690 993 2742 benignus
1027 2690 1156 2742 ager!
