1786 3034
656 192 712 220 AD
733 192 762 219 1.
787 189 822 228 5,
849 188 987 219 13-22.
1510 171 1579 206 113

69 314 168 353 nica
206 312 341 352 velate.
369 311 545 350 soluta».
575 334 627 337 —⁷
657 310 830 350 dividua
853 339 861 347 .
886 338 894 347 .
917 339 926 347 .
957 319 1088 353 coma,
1119 304 1248 344 effusa
1277 303 1324 342 cf.
1359 303 1430 342 Ov.
1461 302 1506 341 A.
1530 302 1578 340 A.

69 384 148 425 m.
174 383 400 424 783-784,
431 381 500 434 (de
530 381 702 420 muliere
731 381 777 418 in
807 379 1040 418 cubiculum
1070 375 1121 416 ad
1150 377 1378 415 ama-torem
1408 373 1578 422 eunte):

77 452 182 497 «Nec
209 454 288 495 tibi
313 456 434 506 turpe
462 455 563 504 puta
602 451 774 498 crinem,
816 453 863 490 ut
902 449 1089 500 Phylleia
1129 449 1302 494 maten*
1344 446 1508 486 Solvere
1538 448 1579 484 et

15 510 29 555 ls-
70 524 213 567 effusis
241 527 348 566 colla.
373 523 538 564 reflecte
567 524 738 564 comis».
766 547 778 550 —
847 522 1011 572 famosa.
1045 519 1305 566 Semiramis,
1334 519 1480 566 regina,
1498 517 1579 555 Ba-

22 644 28 649 .
68 598 248 650 bylonis,
275 597 427 636 mulier
453 595 700 641 libidinosa;
732 594 780 633 cf.
813 593 950 632 Schol.
981 591 1033 631 ad
1060 592 1199 630 Iuven.
1224 591 1258 636 2,
1285 590 1386 628 108:
1424 588 1576 628 «Semi-

18 663 27 725 ‚¹
70 671 198 711 ramis
237 681 342 710 uxor
392 668 506 716 Nini,
548 667 775 718 Babylonis
817 664 996 704 civitatis
1037 663 1246 703 conditrix
1287 675 1310 700 a
1357 662 1442 700 filio
1490 674 1576 704 suo.

19 785 21 787 ,
71 744 187 784 cuius
214 741 456 782 concubitus
484 741 640 780 inceste
670 738 945 788 concupierat,
968 738 1104 776 occisa
1123 738 1223 774 est».
1244 758 1296 761 -—
1316 735 1460 772 multis
1486 734 1582 771 Lais

71 819 218 855 amata
245 814 357 862 viris,
385 813 508 864 poeta
528 813 623 851 ante
653 813 792 850 oculos
819 810 967 849 habuit
994 809 1115 858 Prop.
1145 807 1198 846 II.
1230 809 1265 853 6,
1301 806 1428 844 12⁷2:
1465 805 1579 843 «Non

70 887 132 926 ita
158 884 422 940 complebant
448 884 650 935 Ephyreae
680 882 833 921 Laidos
863 881 982 926 aedes,
1014 880 1077 918 Ad
1119 881 1234 919 cuius
1263 879 1390 917 iacuit
1421 878 1578 917 Graecia

18 959 19 962 ’
68 959 159 998 tota
186 957 316 997 fores»
364 957 405 996 et
443 955 542 995 ibid.
586 955 635 993 6:
683 954 871 1003 «Phryne
909 955 995 991 tam
1037 953 1179 990 multis
1221 951 1329 989 facta
1370 950 1487 988 beata
1518 950 1577 987 vi-

0 1054 2 1056 v
70 1030 167 1071 ris».
202 1053 256 1057 —
298 1029 410 1076 Lais,
465 1025 662 1065 meretrix
713 1025 931 1065 Corinthia
978 1023 1256 1069 celeberrima,
1302 1023 1435 1061 amica
1487 1021 1579 1059 Ari-

70 1101 210 1152 stippi,
238 1099 441 1149 Diogenis
469 1099 511 1137 et
537 1096 847 1136 Demosthenis.

141 1172 191 1212 V.
221 1171 390 1211 13—14.
420 1169 600 1220 Deripui
628 1169 822 1207 tunicam
851 1169 939 1213 etc„
971 1179 1021 1205 ex
1050 1166 1170 1216 Prop.
1198 1165 1251 1205 Π.
1287 1165 1317 1210 1,
1343 1165 1417 1203 13:
1446 1164 1579 1201 nuda

70 1246 212 1296 erepto
251 1255 415 1282 mecum
456 1242 638 1280 luctatur
677 1241 852 1278 amictu»
900 1242 940 1278 et
979 1239 1247 1284 H.15,17
1276 1237 1361 1276 18:
1399 1235 1578 1284 Quodsi

69 1313 325 1367 pertendens
353 1314 494 1353 animo
522 1313 675 1352 vestita
703 1312 878 1358 <suberis
911 1312 1048 1351 Scissa
1075 1312 1188 1350 veste
1222 1323 1337 1348 meas
1367 1310 1578 1359 experiere

16 1412 21 1426 -,
69 1398 258 1427 manus».
284 1408 339 1414 —
365 1399 479 1433 rara,
509 1385 656 1423 tenuis.

141 1458 190 1498 V.
223 1457 390 1498 19—22.
427 1456 538 1504 Quos
567 1470 734 1496 umeros
764 1459 853 1503 etc.‚
885 1457 1032 1495 similis
1063 1455 1321 1494 enumeratio
1352 1452 1462 1502 apud
1481 1453 1577 1490 Phi-

11 1502 14 1574 ἶ
69 1526 280 1570 lodemum
309 1529 621 1581 (Anth.Pa1.V.
659 1529 814 1575 1321
856 1528 937 1579 4.:)
954 1516 1010 1567 Ω
1030 1525 1176 1574 ποδός,
1193 1524 1229 1565 ῶ
1259 1522 1421 1578 κνήμης
1442 1522 1479 1563 ὠ
1498 1526 1580 1562 τῶν

3 1614 19 1690 ,ξΙ
69 1596 270 1643 ἀπόλωλα
310 1598 482 1644 δικαίως
511 1598 680 1654 Μηρῶν,
722 1597 759 1638 ὦ
801 1598 996 1651 γλουτῶν,
1040 1596 1076 1637 ὡ
1118 1612 1158 1636 κ
1143 1596 1269 1643 ενός,
1312 1594 1348 1635 ὦ
1378 1594 1575 1648 λαγόνων

3 1828 22 2056 ντῶτ-»Φεωω-αμ-,ν
10 1804 14 1811 -

32 2018 44 2031 Ι

0 2061 25 2622 erwcwzsaeoefuamm.mfflfws

0 2631 22 2793 1

0 2805 22 2980 l

61 1666 219 1726 Ὤμων,
247 1670 285 1712 ὦ
311 1672 496 1726 μαστῶν,
525 1669 562 1711 ὠ
589 1670 663 1711 τοῦ
702 1668 898 1723 ῥαδινοῖο
918 1667 1140 1724 τραχήλου,
1164 1657 1221 1708 Ω
1234 1668 1403 1722 χειρῶν
1433 1664 1469 1705 ὦ
1498 1667 1577 1705 τῶν

69 1743 270 1798 μαίνομαι
312 1741 536 1798 ὀμματίων.
581 1767 634 1770 κ·
681 1743 831 1782 Forma
873 1743 1131 1793 Jmpillarmn
1175 1753 1306 1791 quam
1351 1740 1433 1788 fuit
1476 1744 1581 1790 aptr

135 1903 158 1926 *
182 1903 271 1938 Hoc
309 1903 394 1939 loco
434 1902 610 1948 Phylleia
643 1907 773 1937 mater
810 1903 1015 1938 mulierem
1053 1903 1283 1938 Thessalam
1322 1904 1575 1939 bacchantem

68 1962 279 2008 significat,
305 1962 408 2007 quod
432 1962 533 2008 fugit
558 1963 635 1998 huc
661 1975 783 2008 usque
822 1965 1069 2009 interpretes.
1107 1963 1278 1998 Feminae
1317 1964 1420 1998 enim
1458 1964 1575 1999 Thes-

67 2021 172 2065 salae,
198 2021 419 2058 Laodamiae
446 2023 619 2066 comites,
646 2024 694 2059 ab
721 2024 807 2069 ipso
834 2024 972 2059 Ovidio
998 2024 1091 2058 Her.
1122 2024 1176 2063 13,
1204 2025 1260 2059 35.
1287 2027 1434 2059 matres
1466 2023 1575 2070 Phyl-

69 2081 188 2118 [eides
213 2082 462 2128 appellantur
486 2093 510 2117 a
534 2083 684 2129 Phyllo,
710 2083 920 2118 Thessaliae
947 2084 1114 2129 oppido3
1142 2085 1251 2129 orgia
1276 2087 1406 2119 autem
1433 2085 1577 2119 Bacchi

70 2151 151 2176 non
176 2141 305 2176 solum
330 2141 370 2176 in
396 2141 574 2184 Thracia,
602 2143 669 2178 sed
695 2143 815 2178 etiam
840 2143 881 2178 in
907 2144 1110 2179 Thessalia
1136 2144 1355 2188 frequentia
1371 2145 1492 2179 fuisse
1511 2145 1574 2179 do-

72 2201 161 2236 cent
185 2202 322 2247 poene,
346 2202 389 2236 ut
414 2202 528 2248 Prop.
554 2203 586 2237 I.
613 2203 646 2244 3,
673 2204 790 2238 5—6:
822 2204 919 2238 «Nec
946 2204 1078 2238 minus
1105 2204 1274 2238 assiduis
1300 2205 1447 2238 Edonis
1473 2194 1575 2240 fessa

67 2259 222 2296 choreis
248 2261 384 2304 Qualis
409 2261 451 2296 in
476 2261 643 2297 herboso
669 2263 839 2298 concidit
865 2264 1063 2309 Apidano»
1096 2263 1134 2308 (i.
1154 2275 1184 2298 e.
1204 2264 1244 2298 in
1269 2264 1431 2299 flumine
1456 2265 1572 2300 Thes-

69 2319 189 2364 salia)
234 2322 273 2355 et
305 2321 451 2356 Lucan.
489 2322 626 2356 Phars.
662 2322 693 2357 I.
733 2322 826 2357 674:
870 2334 980 2357 «nam
1009 2324 1135 2367 qualis
1162 2324 1305 2358 vertice
1334 2323 1450 2358 Pindi
1477 2325 1516 2368 (i.
1542 2337 1574 2359 e.

66 2383 200 2416 monte
224 2380 452 2427 Thessaliae)
478 2381 627 2416 Edonis
653 2382 804 2427 Ogygio
832 2382 1002 2417 decurrit
1028 2383 1145 2427 plena
1171 2383 1320 2428 Lyoeo.»
1351 2384 1476 2418 Mater
1502 2384 1571 2430 igi-

67 2442 135 2475 tur
157 2439 232 2475 hoc
257 2440 342 2476 loco
366 2441 527 2486 ponitur
551 2453 621 2487 pro
647 2442 823 2484 muliere,
849 2444 893 2477 ut
920 2443 1023 2488 apud
1050 2443 1164 2488 Verg.
1193 2443 1260 2479 Ge.
1277 2444 1344 2478 IV.
1371 2443 1452 2478 5⁰20.
1473 2443 1573 2479 Cico-

67 2509 165 2535 num
190 2503 336 2536 matres
363 2502 401 2535 et
428 2501 497 2535 Ov.
523 2501 614 2537 Met.
640 2502 706 2537 VI.
732 2502 790 2537 69.
816 2506 962 2536 matres
993 2501 1180 2538 Edonidas
1207 2504 1455 2548 appellantur
1480 2505 1572 2539 Bac-

69 2558 163 2601 chae,
190 2570 275 2604 quae
301 2560 457 2605 Orphea
483 2561 783 2606 discerpserunt.
825 2562 879 2596 Cf.
906 2563 1024 2597 etiam
1064 2562 1132 2597 Ov.
1171 2563 1262 2597 Her.
1295 2564 1348 2605 10,
1375 2563 1443 2598 48:
1476 2563 1573 2598 «Aut

62 2625 140 2665 ogo
166 2618 319 2654 diffusis
345 2621 472 2655 erravi
500 2621 582 2656 sola
618 2621 781 2666 capillis,
820 2621 953 2664 Qualis
994 2621 1039 2656 ab
1068 2623 1219 2668 Ogygio
1246 2624 1396 2657 concita
1419 2623 1574 2658 Baccha

69 2677 160 2714 deo»
189 2680 229 2714 et
253 2679 427 2725 picturas
454 2680 703 2725 antiquorum
729 2682 967 2723 notissimas,
993 2682 1060 2716 ubi
1093 2682 1252 2716 Bacchae
1279 2682 1574 2727 conspiciuntur

62 2737 199 2774 effusis
221 2739 344 2773 comis
369 2739 470 2774 colla
495 2739 749 2776 reflectentes.

135 2810 315 2846 Ne'memy:
333 2811 369 2840 P.
392 2811 498 2841 Ovidii
516 2812 661 2842 Nasonis
683 2816 827 2841 Amore-3.
1407 2814 1428 2847 8
