1786 3034
261 151 307 186 48
849 163 1028 192 AMORUM
1055 163 1101 191 11.
1129 161 1163 191 9.

935 315 1009 357 IX.
1027 314 1080 356 A.

384 433 418 475 O
450 447 694 488 numquam
725 447 804 488 pro
836 448 907 475 me
941 434 1048 474 satis
1080 432 1308 486 indignate
1329 430 1524 485 Cupido,

444 509 478 551 O
510 510 558 551 in
591 509 719 551 corde
751 523 849 551 meo
883 509 1100 550 desidiose
1131 519 1252 562 puer,

383 585 498 636 Quid
528 600 611 635 me,
646 587 722 640 qui
752 587 882 627 miles
914 579 1158 640 numquam
1188 588 1267 627 tua
1299 585 1426 638 signa
1455 583 1629 638 reliqui,
1668 569 1675 575 ’

437 662 595 712 Laedis,
630 665 673 704 et
704 664 752 704 in
784 663 940 704 castris
962 663 1180 726 (vulneror
1209 663 1304 716 ipse
1335 661 1447 703 meis
1459 663 1489 704 5>-

343 759 360 782 5
386 738 474 780 Cur
503 741 582 781 tua
614 742 685 781 fax
714 741 814 790 urit,
849 739 945 794 figit
978 743 1080 782 tuus
1113 754 1238 781 arcus
1272 739 1469 781 amicos?

441 815 593 858 Gloria
623 820 873 870 pugnantes
906 818 1080 858 vincere
1112 817 1256 858 maior
1287 818 1392 857 erat.

382 891 635 942 QuidPnon
665 894 939 943 Haemonius,
958 907 1087 947 quem
1120 892 1298 946 cuspide
1329 891 1680 946 perculit,heros

439 967 704 1012 Confossum
736 964 907 1012 medica
937 969 1172 1024 postmodo
1208 969 1319 1011 iuvit
1352 970 1466 1022 ope?

378 1050 572 1092 Venator
604 1048 800 1102 sequitur
831 1048 1056 1101 fugientia,
1083 1049 1210 1100 capta
1241 1045 1463 1100 relinquit,

323 1147 361 1170 10
443 1125 624 1179 Semper
656 1127 698 1166 et
729 1126 924 1166 inventis
955 1125 1167 1166 ulteriora
1198 1124 1320 1178 petit.

380 1204 468 1245 Nos
499 1205 578 1243 tua
610 1202 837 1250 sentimus,
871 1201 1063 1254 populus
1094 1200 1176 1241 tibi
1207 1199 1392 1248 deditus,
1427 1211 1560 1248 arma,

437 1279 567 1332 Pigra
598 1279 833 1319 reluctanti
864 1280 1007 1319 cessat
1036 1278 1084 1318 in
1117 1278 1243 1318 hoste
1274 1289 1446 1317 manus.

382 1355 496 1408 Quid
526 1356 648 1397 iuvat
678 1355 727 1395 in
758 1353 890 1395 nudis
923 1354 1103 1395 hamata
1134 1352 1366 1394 retundere
1396 1351 1487 1393 tela

440 1431 652 1473 Ossibus?
684 1444 784 1471 ossa
814 1431 926 1472 mihi
957 1430 1076 1471 nuda
1107 1430 1318 1483 relinquit
1349 1441 1485 1471 amor.

319 1528 355 1551 15
379 1508 459 1550 Tot
482 1508 576 1550 sine
599 1521 746 1549 amore
768 1508 863 1556 viri,
879 1510 945 1548 tot
968 1509 1071 1548 sunt
1093 1507 1189 1548 sine
1212 1519 1360 1547 amore
1381 1505 1568 1559 puellae:

437 1585 555 1627 Hinc
585 1585 668 1626 tibi
700 1598 799 1625 cum
829 1597 992 1637 magna
1022 1583 1152 1624 laude
1184 1582 1436 1636 triumphus
1469 1584 1551 1624 eat.

377 1661 529 1711 Roma,
563 1661 653 1702 nisi
682 1661 936 1702 inmensum
968 1661 1081 1701 vires
1114 1660 1324 1700 movisset
1354 1659 1402 1700 in
1435 1658 1597 1708 orbem,

438 1737 696 1780 Stramineis
730 1740 846 1779 esset
876 1752 995 1779 nunc
1027 1751 1198 1792 quoque
1229 1740 1345 1779 tecta
1375 1736 1501 1779 casis.

377 1814 538 1856 Fessus
569 1815 618 1855 in
652 1817 852 1867 acceptos
885 1815 1012 1855 miles
1046 1813 1275 1855 deducitur
1306 1823 1458 1866 agros‚·

318 1910 355 1935 20
436 1891 630 1933 Mittitur
660 1891 707 1931 in
741 1891 879 1931 saltus
911 1904 1081 1931 carcere
1113 1890 1225 1931 liber
1256 1903 1392 1943 equus
1407 1904 1418 1939 ;

377 1968 616 2021 Longaque
650 1967 908 2008 subductam
940 1967 1086 2008 celant
1117 1966 1295 2008 navalia
1324 1966 1492 2019 pinum,

438 2044 631 2097 Tutaque
665 2043 865 2096 deposito
897 2044 1094 2096 poscitur
1125 2056 1228 2083 ense
1261 2041 1408 2083 rudis:

378 2120 448 2162 Me
482 2133 664 2174 quoque,
701 2120 775 2174 qui
805 2120 969 2161 totiens
1001 2120 1144 2160 merui
1176 2120 1256 2160 sub
1289 2133 1436 2160 amore
1469 2119 1641 2173 pueHae,

437 2197 704 2237 Defunctum
736 2196 906 2250 placide
937 2196 1082 2237 vivere
1113 2198 1288 2249 tempus
1321 2197 1425 2237 erat.

943 2385 1004 2426 IX
1013 2366 1066 2425 Β.

319 2518 354 2544 25
384 2502 537 2544 «Vive»
574 2503 681 2544 deus
720 2504 913 2557 «posito»
952 2504 1088 2557 siquis
1120 2503 1232 2544 mihi
1264 2503 1379 2544 dicat
1416 2516 1631 2553 «amore»,

435 2578 676 2633 Deprecer:
709 2593 847 2633 usque
881 2579 989 2620 adeo
1024 2579 1147 2620 dulce
1179 2579 1329 2633 puella
1358 2579 1580 2621 malumst.

379 2654 487 2697 Cum
519 2656 629 2696 bene
662 2658 951 2710 pertaesumst‚
989 2657 1223 2710 animoque
1255 2656 1476 2709 relanguit
1507 2656 1650 2706 ardor,
