1786 3034
853 188 1030 216 AMORUM
1053 189 1100 218 11.
1138 187 1191 218 18.

959 341 1078 382 XIII.

391 457 508 498 Dum
539 458 774 499 labefactat
806 472 917 499 onus
951 459 1118 512 gravidi
1146 461 1383 521 scemeraria
1414 451 1600 514 ventris)

450 534 502 575 In
535 535 667 576 dubio
699 536 798 576 vitae
830 535 949 576 lassa
982 535 1175 578 Corinna
1206 538 1331 580 iacet.

391 610 475 652 Illa
507 611 683 665 quidem
716 596 828 652 cIam
860 626 929 652 me
961 614 1135 654 tantum
1167 614 1324 655 molita
1354 615 1510 667 pericli

449 687 521 728 Ira
553 687 686 740 digna
716 702 827 737 mea,
863 687 939 729 sed
971 688 1086 729 cadit
1117 675 1184 729 ira
1215 691 1360 740 metu3

350 782 368 807 5
393 762 478 805 Sed
508 766 658 805 tamen
692 767 767 805 aut
800 778 851 805 ex
881 778 951 805 me
985 768 1255 818 conceperat,
1293 769 1369 808 aut
1402 781 1482 820 ego
1516 769 1675 811 credo:

448 839 528 881 Est
557 841 669 881 mihi
700 854 779 893 pro
813 841 926 881 fac'no
962 855 1086 894 saepe,
1123 842 1239 895 quod
1272 857 1367 884 esse
1398 846 1556 897 potest.

389 916 461 962 Isi,
496 917 790 958 Paraetonium
823 918 1100 972 genialiaque
1135 933 1239 960 arva
1271 919 1440 974 Canopi
1484 945 1493 948 -

450 992 555 1044 Quae
588 994 696 1034 colis
729 997 771 1034 et
802 993 1032 1047 Memphin
1063 996 1427 1050 palmiferamque
1459 997 1651 1048 Pharon,

391 1069 570 1124 Quaque
604 1071 717 1112 celer
748 1071 873 1112 Nilus
906 1072 996 1112 lato
1029 1072 1235 1126 delapsus
1267 1074 1316 1114 in
1348 1073 1472 1115 alveo

329 1166 367 1190 ιο
447 1147 529 1188 Per
560 1150 727 1200 septem
758 1150 911 1201 portus
945 1149 993 1189 in
1025 1149 1159 1190 maris
1192 1146 1286 1191 exifi
1311 1162 1457 1204 aquas,

387 1224 470 1265 Per
499 1227 576 1265 tua
609 1225 738 1265 sistra
768 1238 933 1278 precor,
967 1239 1046 1278 per
1075 1226 1292 1268 Anubidis
1325 1240 1402 1268 ora
1432 1228 1641 1270 verendi:

450 1299 536 1351 (Sic
567 1303 644 1341 tua
676 1314 800 1342 sacra
830 1301 932 1354 pius
966 1316 1139 1356 semper
1171 1302 1310 1344 Osiris
1343 1306 1470 1354 amet,

386 1378 600 1432 Pigraque
633 1379 808 1420 labatur
840 1380 955 1420 circa
987 1379 1172 1422 donaria
1204 1394 1395 1435 serpens,

447 1456 501 1496 Et
534 1469 679 1496 comes
711 1456 758 1496 in
789 1470 952 1510 pompa
985 1458 1185 1511 corniger
1215 1459 1323 1512 Apis
1356 1461 1467 1511 eaffl)

327 1552 364 1575 15
387 1532 486 1574 Huc
519 1533 675 1574 adhibe
708 1534 869 1583 vultus,
906 1537 948 1575 et
979 1535 1026 1575 in
1058 1548 1148 1576 una
1178 1549 1307 1588 parce
1340 1535 1536 1579 duobus!

446 1609 557 1650 Nam
587 1610 724 1650 vitam
757 1609 945 1651 dominae
977 1612 1027 1651 tu
1059 1610 1194 1661 dabis,
1228 1612 1308 1653 illa
1338 1613 1462 1655 mihi.

387 1684 508 1738 Saepe
539 1685 621 1726 fibi
654 1685 766 1726 sedit
798 1687 926 1727 certis
960 1691 1140 1740 operata
1172 1688 1338 1739 diebus,

446 1759 540 1810 Qua
570 1761 713 1813 tangit
745 1761 895 1802 laurus
932 1761 1105 1804 Gallica
1135 1767 1283 1805 turma
1312 1766 1437 1814 tuas;

385 1837 531 1890 Tuque
564 1837 814 1879 laborantes
846 1842 971 1880 utero
1004 1841 1212 1882 miserata
1242 1842 1426 1895 puellas,

325 1931 363 1956 20
446 1912 639 1962 Quarum
671 1913 796 1954 tarda
827 1914 972 1955 latens
1006 1929 1188 1969 corpora
1218 1916 1362 1958 tendi'n
1395 1930 1519 1966 011118,

384 1988 517 2029 Lenis
551 1988 653 2029 ades
684 1990 971 2044 precibusque
1004 1993 1115 2033 meis
1148 1994 1255 2043 fave,
1290 1994 1496 2048 Ilithyia!

443 2064 639 2117 Dignas‘n,
676 2078 806 2118 quam
837 2067 988 2107 iubeas
1020 2070 1216 2110 muneris
1249 2083 1343 2110 esse
1374 2071 1453 2111 tui.

383 2140 482 2193 Ipse
517 2153 595 2193 ego
625 2143 725 2182 tura
757 2141 867 2182 dabo
901 2144 1086 2185 fumosis
1120 2145 1331 2187 candidus
1364 2147 1463 2195 aris,
1526 2150 1529 2152 ’

442 2216 541 2269 Ipse
573 2217 711 2257 feram
745 2220 845 2258 ante
876 2220 977 2259 tuos
1011 2233 1195 2261 munera
1226 2224 1329 2262 vota
1359 2221 1519 2274 pedes3

324 2312 360 2335 25
383 2293 582 2334 Adiciam
613 2295 793 2335 titulum
833 2299 1028 2337 «servata
1059 2297 1175 2338 Naso
1208 2296 1443 2347 Corinna»,

443 2368 506 2409 Tu
536 2369 667 2409 modo
699 2370 767 2411 fac
797 2371 928 2411 titulo
962 2373 1303 2427 muneribusque
1337 2375 1496 2415 locum.

385 2442 430 2484 si.
460 2446 610 2485 ‘namen
642 2446 689 2486 in
720 2448 847 2487 tanto
879 2448 945 2487 fas
979 2450 1045 2488 es‘n
1075 2449 1302 2490 monuisse
1334 2449 1504 2499 timore,

441 2520 535 2562 Hac
565 2522 647 2562 tibi
681 2523 736 2563 sit
767 2536 915 2576 pugna
948 2523 1198 2566 dimicuisse
1233 2527 1365 2567 satis!
