1786 3034
540 155 721 185 Aaronom
746 156 793 184 11.
824 153 964 185 10-11.
1458 140 1500 174 51

118 275 178 318 At
207 275 322 318 mihi
352 275 582 328 contingat
614 274 799 316 Veneris
831 274 1117 328 languescere
1149 275 1286 322 motu,
1466 292 1503 315 af,

181 351 294 395 Cum
324 352 502 402 moriar,
537 351 735 393 medium
768 351 916 393 solvar
947 353 990 392 et
1021 351 1139 392 inter
1176 363 1299 404 opus,

119 430 264 486 Atque
297 430 458 485 aliquis
489 431 645 471 nostro
677 429 916 471 lacrimans
949 429 997 469 in
1030 429 1184 470 funere
1217 427 1333 469 dicat

188 507 494 551 «Conveniens
526 508 626 549 vitae
658 521 780 548 mors
812 507 897 548 fuit
928 507 1015 548 ista
1045 509 1172 548 tuae.»

718 699 793 740 XI.

123 822 272 865 Prima
301 821 444 864 malas
477 820 628 862 docuit
660 819 927 861 mirantibus
960 819 1150 873 aequoris
1182 818 1314 860 undis

182 899 357 942 Peliaco
389 899 524 953 pinus
557 899 719 939 vertice
742 911 866 938 caesa
896 898 1004 942 vias,

123 977 231 1030 Quae
263 977 570 1020 concurrentis
603 976 724 1018 inter
753 976 992 1017 temeraria
1024 978 1174 1018 cautes

184 1053 483 1109 Conspicuam
517 1054 640 1095 fulvo
672 1053 836 1095 vellere
868 1053 987 1094 vexit
1020 1066 1160 1094 ovem.

125 1130 162 1174 O
193 1131 380 1182 utinam,
413 1131 572 1186 nequis
605 1144 727 1172 remo
761 1131 874 1172 freta
905 1130 1040 1183 longa
1077 1132 1284 1179 moveret,

184 1209 300 1263 Argo
333 1209 534 1250 funestas
566 1221 721 1262 pressa
752 1194 937 1248 bibisset
971 1207 1133 1261 aquas!

122 1286 249 1335 Ecce,
284 1286 400 1341 fugit
430 1288 678 1340 notumque
709 1289 859 1328 torum
893 1286 1122 1340 sociosque
1156 1286 1343 1327 Penates

185 1363 464 1418 Fallacisque
498 1363 592 1404 vias
625 1363 690 1404 ire
724 1362 920 1405 Corinna
952 1364 1092 1416 parat.

125 1439 270 1492 Quam
301 1440 397 1491 tibi,
430 1454 502 1482 me
534 1440 761 1490 miserum,
786 1440 1012 1494 Zephyros
1035 1439 1264 1493 Eurosque
1286 1439 1452 1480 timebo

185 1517 242 1561 Et
273 1516 472 1571 gelidum
503 1516 680 1558 Borean
713 1516 1025 1570 egelidumque
1059 1517 1249 1557 Notum!
1475 1535 1512 1559 ιο

123 1594 227 1638 Non
257 1595 352 1636 illic
382 1595 527 1643 urbes,
562 1608 656 1635 non
687 1597 738 1635 tu
769 1595 985 1636 mirabere
1020 1594 1180 1636 silvas:

187 1673 330 1715 Unast
361 1673 520 1715 iniusti
554 1673 714 1714 caerula
746 1674 890 1714 forma
920 1673 1082 1722 maris3

127 1751 216 1795 Nec
247 1751 422 1794 medius
453 1752 605 1794 tenuis
638 1752 831 1793 conchas
863 1742 1092 1805 pictosque
1125 1750 1304 1805 lapillos

187 1831 356 1872 Pontus
389 1830 549 1872 habet:
583 1830 726 1871 bibuli
756 1830 902 1871 litoris
936 1829 1015 1871 illa
1046 1832 1226 1871 morast.

124 1907 282 1950 Litora
312 1908 577 1949 marmoreis
610 1906 798 1961 pedibus
833 1907 1018 1961 signate,
1054 1907 1240 1961 puellae:
1478 1926 1514 1949 15

187 1985 418 2028 Hactenus
451 1987 519 2026 est
549 1987 724 2035 tutum;
759 1986 905 2026 cetera
937 1998 1050 2026 caeca
1081 1985 1207 2027 viast.

127 2063 185 2105 Et
215 2063 341 2105 vobis
375 2063 452 2105 alii
483 2065 719 2104 ventorum
751 2063 911 2116 proelia
943 2065 1136 2112 narrent,

190 2139 310 2192 Quas
344 2139 491 2194 Scylla
522 2140 717 2191 infestet,
752 2153 914 2194 quasve
948 2138 1192 2193 Charybdis
1226 2152 1374 2193 aquas,

126 2218 186 2260 Et
217 2217 376 2273 quibus
409 2218 640 2260 emineant
671 2218 870 2260 violenta
902 2216 1122 2259 Ceraunia
1155 2217 1283 2266 saxis,

191 2295 288 2347 Quo
321 2295 492 2337 lateant
525 2293 677 2349 Syrtes
710 2308 874 2348 magna
905 2295 1139 2348 minorque
1173 2294 1300 2335 sinu!
1480 2313 1518 2337 20

129 2373 237 2415 Haec
269 2373 348 2415 alii
380 2374 600 2423 referant;
636 2375 681 2414 at
712 2387 803 2422 vos,
839 2372 959 2428 quod
992 2373 1177 2427 quisque
1210 2372 1427 2426 loquetur,

192 2450 392 2494 Credite!
427 2451 624 2494 credenti
657 2451 783 2493 nulla
814 2452 1011 2506 procella
1042 2453 1185 2492 nocet.

128 2528 238 2571 -Sero
271 2529 508 2583 respicitur
539 2529 688 2580 tellus,
724 2529 801 2571 ubi
833 2530 939 2570 fune
967 2528 1113 2570 soluto

193 2604 339 2648 Currit
370 2605 420 2647 in
451 2606 708 2648 inmensum
740 2606 890 2661 panda
922 2605 1072 2647 carina
1106 2605 1262 2653 salum,

63 2683 65 2686 ⁴
134 2682 292 2725 Navita
325 2682 545 2725 sollicitus
580 2697 668 2738 qua
699 2686 857 2726 ventos
892 2685 1044 2725 horret
1075 2682 1254 2736 iniquos
1484 2699 1521 2723 εὖ

1331 2763 1374 2796 4*
