1786 3034
234 161 283 195 90
758 170 935 200 AMORUM
960 171 1026 200 111.
1056 169 1196 200 13-14,

410 290 466 331 Et
497 290 644 330 minor
676 303 726 330 ex
757 288 919 329 humili
949 289 1130 329 victima
1159 300 1320 341 porcus
1351 288 1460 330 hara

350 367 533 421 Duxque
567 366 710 419 gregis
743 378 880 406 cornu
911 378 989 418 per
1020 366 1220 418 tempora
1251 363 1360 405 dura
1393 353 1600 422 recurvm
1636 369 1638 372 '

409 443 601 484 Invisast
632 442 822 483 dominae
856 442 951 483 sola
982 441 1151 494 capella
1183 440 1299 482 deae:

352 519 476 559 Illius
510 518 675 559 indicio
710 518 833 559 silvis
865 519 1048 559 inventa
1074 507 1159 559 sub
1193 517 1295 558 altis

294 614 333 659 sq
413 595 586 636 Dicitur
617 596 841 648 inceptam
872 594 1125 635 destituisse
1158 595 1341 655 fugam;¹

352 671 478 712 Nunc
511 685 680 725 quoque
713 685 791 724 per
821 684 983 724 pueros
1014 670 1173 711 iaculis
1207 671 1444 712 incessitur
1473 670 1605 717 index
1633 683 1636 686 ⁴
1682 679 1684 682 '
1734 667 1742 674 ”

314 804 317 806 -
411 749 466 789 Et
497 748 688 801 pretium
721 747 890 790 auctori
920 746 1117 788 vulneris
1148 747 1246 800 ipsa
1277 746 1416 789 datur.
1533 793 1535 799 ¹

355 826 450 876 Qua
480 829 666 867 ventura
698 825 833 874 deast,
867 825 1048 865 iuvenes
1081 823 1341 877 timidaeque?
1364 824 1547 878 puellae‘

413 903 686 943 Praeverrunt
717 903 828 943 latas
861 903 980 942 veste
1013 901 1183 942 iacente
1214 901 1336 942 vias:

295 999 331 1022 25
354 979 552 1032 Virginei
585 979 727 1019 crines
762 992 867 1019 auro
900 991 1157 1031 gemmaque
1189 981 1466 1031 premuntur,

412 1056 468 1097 Et
500 1056 608 1108 tegit
640 1058 818 1096 auratos
850 1055 969 1108 palla
1002 1055 1189 1107 superba
1219 1054 1377 1108 pedes;

355 1133 478 1175 More
511 1137 687 1186 patrum
721 1132 855 1174 Graio
888 1133 1042 1173 velatae
1073 1132 1267 1173 vestibus
1301 1133 1412 1174 albis

415 1211 591 1252 Tradita
624 1211 854 1264 supposito
886 1210 1046 1251 vertice
1079 1223 1204 1251 sacra
1235 1211 1395 1252 ferunt.

359 1288 440 1329 Ore
474 1279 622 1329 favent
653 1288 808 1341 populi
838 1289 957 1336 tunc,
992 1301 1091 1328 cum
1123 1287 1245 1328 venit
1275 1301 1410 1329 aurea
1441 1299 1618 1341 pompa,

296 1383 333 1407 το
414 1364 518 1417 Ipsa
550 1363 795 1404 sacerdotes
829 1363 1195 1421 subsequiturque
1228 1377 1340 1404 suas.

357 1440 560 1498 Argivast
590 1453 763 1492 pompae
797 1440 956 1480 facies:
989 1439 1320 1492 Agamemnone
1353 1452 1464 1481 caeso

418 1516 472 1556 Et
506 1516 647 1556 scelus
682 1519 724 1556 et
755 1516 920 1568 patrias
954 1516 1068 1568 fugit
1098 1515 1302 1571 Halaesus
1335 1528 1442 1569 opes

357 1592 537 1645 Iamque
568 1591 803 1644 pererratis
834 1592 1046 1644 profugus
1079 1594 1282 1645 terraque
1314 1591 1513 1644 fretoque

417 1666 582 1707 Moenia
614 1667 734 1707 felici
767 1666 964 1708 condidit
996 1667 1086 1708 alta
1118 1680 1278 1716 manu3

298 1762 336 1785 35
359 1743 440 1783 Ille
475 1755 578 1783 suos
611 1742 759 1783 docuit
790 1742 982 1783 Iunonia
1016 1756 1137 1783 sacra
1167 1742 1391 1783 Faliscos:

419 1817 515 1859 Sint
546 1818 669 1867 mihi,
707 1818 795 1858 sint
825 1818 990 1871 populo
1024 1831 1196 1870 semper
1228 1818 1368 1859 amica
1399 1818 1506 1860 suo!

927 2005 1040 2047 XIV.

357 2124 456 2164 Non
489 2137 578 2176 ego,
614 2138 670 2164 ne
702 2137 866 2177 pecces,
903 2138 1000 2164 cum
1035 2124 1094 2164 sis
1127 2124 1331 2171 formosa,
1367 2135 1536 2172 recuso,

419 2199 501 2242 Sed
534 2214 590 2241 ne
625 2201 682 2241 sit
712 2201 874 2242 misero
908 2201 1018 2241 scire
1050 2214 1230 2241 necesse
1262 2200 1386 2249 mihi,

359 2279 445 2319 Nec
475 2281 519 2319 te
551 2281 703 2319 nostra
734 2278 854 2318 iubet
885 2276 979 2317 fieri
1011 2288 1196 2317 censura
1227 2276 1443 2329 pudicam,

419 2354 503 2395 Sed
535 2358 695 2403 tamen,
730 2357 780 2394 ut
807 2355 998 2406 ‘temptes
1032 2352 1322 2401 dissimulare,
1356 2354 1494 2405 rogat.

318 2452 334 2474 5
359 2432 458 2472 Non
488 2434 651 2484 peccat,
687 2444 967 2484 quaecumque
999 2431 1147 2483 potest
1177 2442 1381 2482 peccasse
1405 2440 1579 2482 negare,

420 2507 607 2561 Solaque
640 2509 855 2549 famosam
887 2509 1015 2561 culpa
1045 2509 1244 2561 professa
1276 2509 1390 2550 facit.
1438 2533 1443 2535 -

361 2584 466 2634 Quis
500 2586 622 2625 furor
654 2588 731 2633 est,
767 2599 861 2638 quae
894 2584 1021 2626 necte
1053 2586 1203 2634 latent,
1239 2586 1285 2625 in
1317 2587 1412 2626 luce
1445 2586 1573 2627 fateri
1609 2587 1611 2590 ⁴

418 2662 483 2710 Et,
521 2675 615 2714 quae
648 2662 763 2702 elam
796 2663 944 2710 facias,
980 2663 1093 2703 facta
1125 2663 1284 2702 referre
1317 2663 1500 2715 palam?
1553 2668 1555 2672 ’
