1786 3034
581 191 761 221 AMOBUM
787 191 854 221 111.
878 190 936 221 10.

179 311 236 354 Et
267 312 463 354 veterem
497 323 631 352 curvo
665 310 797 352 dente
830 309 1006 351 revellit
1036 309 1238 350 humum.

82 431 84 433 ,
118 389 249 432 Hanc
279 388 517 444 quisquam
549 388 748 430 lacrimis
779 387 923 429 laetari
954 386 1094 429 credit
1128 387 1361 428 amantum

178 467 236 508 Et
264 466 378 509 bene
409 466 648 508 tormentis
682 464 970 519 secubituque
1004 463 1122 506 coli?

122 544 214 587 Nec
243 546 398 586 tamen
429 545 510 594 est,
545 536 748 597 quamvis
782 555 911 596 agros
944 544 1063 583 amet
1094 541 1174 583 illa
1206 542 1386 590 feraces,

178 621 361 664 Rustica
391 634 475 662 nec
506 620 691 662 viduum
722 622 879 674 pectus
911 619 1076 661 amoris
1109 618 1255 661 habet.

119 698 273 742 Cretes
306 702 436 742 erunt
469 701 632 748 testes3
668 700 765 750 (nec
796 697 973 751 fingunt
1007 697 1159 739 omnia
1192 695 1366 746 Cretes余

180 775 308 819 Crete
339 776 510 819 nutrito
544 778 664 817 terra
697 774 887 828 superba
918 774 1049 816 Iove:

117 854 231 906 mic,
266 853 483 896 sideream
515 853 676 896 mundi
712 853 789 907 qui
820 854 1042 906 temperat
1073 865 1233 899 arcem,

182 931 380 986 Exiguus
411 933 567 974 tenero
599 931 669 973 lac
700 930 813 972 bibit
846 944 920 972 ore
953 944 1086 985 puer余

118 1007 286 1062 Magna
317 1006 428 1050 fides
459 1008 590 1050 testi:
623 1009 750 1049 testis
784 1007 994 1049 laudatur
1026 1007 1224 1054 alumno)

179 1085 422 1128 Fassuram
454 1083 661 1127 Cererem
694 1086 884 1127 crimina
916 1088 1024 1127 nota
1055 1088 1178 1139 puto.

117 1161 302 1205 Viderat
331 1162 502 1204 Iasium
534 1161 703 1204 Cretaea
736 1161 837 1203 diva
870 1161 951 1204 sub
982 1162 1063 1203 lda

175 1239 411 1294 Figentem
443 1243 561 1283 certa
593 1244 718 1295 terga
750 1242 893 1283 ferina
925 1254 1086 1290 manu余

114 1316 249 1368 Vidit,
285 1321 328 1361 et
358 1321 408 1360 ut
440 1323 605 1360 tenerae
638 1318 868 1361 flammam
900 1332 1087 1372 rapuere
1121 1318 1339 1368 medullae,

174 1394 295 1438 Hinc
324 1395 479 1450 pudor,
517 1410 568 1438 ex
598 1396 678 1437 illa
710 1399 835 1450 parte
867 1396 1072 1438 trahebat
1106 1409 1254 1439 amor:

116 1471 271 1515 Victus
303 1486 454 1515 amore
486 1473 658 1527 pudor:
693 1474 839 1515 sulcos
873 1487 995 1515 arere
1028 1473 1200 1516 videres

178 1550 235 1592 Et
266 1554 364 1593 sata
395 1564 496 1592 cum
528 1551 718 1592 minima
748 1553 875 1605 parte
908 1551 1052 1594 redire
1085 1551 1182 1592 sui:

118 1625 232 1669 Cum
266 1626 379 1670 bene
411 1628 569 1670 iactati
599 1628 835 1681 pulsarant
867 1641 971 1669 arva
1002 1627 1189 1681 ligones,

179 1703 378 1759 Ruperat
410 1707 453 1747 et
486 1704 645 1747 duram
677 1719 830 1747 vomer
862 1705 1063 1747 aduncus
1095 1706 1296 1756 humum,

117 1779 387 1837 Seminaque
418 1783 468 1824 in
498 1783 615 1824 latos
647 1783 793 1824 ierant
824 1783 1053 1837 aequaliter
1085 1796 1224 1836 agros,

176 1858 320 1901 Inrita
351 1859 527 1914 decepti
558 1863 664 1902 vota
697 1860 886 1902 colentis
920 1863 1057 1902 erant.

114 1935 232 1978 Diva
261 1939 422 1991 potens
455 1939 632 1992 frugum
667 1939 791 1980 silvis
825 1938 1026 1980 cessabat
1057 1939 1106 1980 in
1139 1939 1265 1988 altis余

175 2013 445 2056 Deciderant
474 2015 620 2069 longae
654 2016 801 2069 spicea
834 2019 952 2057 serta
984 2029 1132 2058 comes.

115 2089 223 2133 Sola
254 2092 340 2134 fuit
371 2091 499 2134 Crete
534 2093 725 2134 fecundo
759 2094 918 2135 fertilis
952 2107 1098 2136 anno:

178 2168 351 2221 Omnia,
386 2184 473 2226 qua
505 2172 672 2213 tulerat
705 2186 750 2213 se
786 2172 880 2222 dea,
915 2173 1074 2214 messis
1108 2176 1224 2222 erat:

60 2296 68 2306 ,
113 2245 232 2300 Ipsa,
266 2247 391 2290 locus
424 2262 672 2299 nemorum,
707 2249 894 2291 canebat
925 2250 1125 2304 frugibus
1158 2250 1244 2300 Ide,

176 2323 232 2366 Et
264 2325 384 2367 ferus
416 2326 465 2367 in
499 2327 610 2368 silva
644 2328 762 2368 farra
794 2328 989 2369 metebat
1022 2343 1149 2382 apen

115 2399 297 2454 Optavit
328 2401 479 2444 Minos
513 2404 683 2445 similes
718 2405 802 2445 sibi
835 2405 991 2458 legifer
1023 2419 1182 2456 annos,

177 2477 368 2532 Optavit,
404 2478 575 2521 Cereris
609 2481 770 2534 longus
803 2485 853 2523 ut
887 2485 1004 2523 esset
1036 2496 1173 2524 amor.

115 2553 247 2606 Quod
278 2555 360 2598 tibi
393 2557 616 2599 secubitus
647 2559 810 2608 tristes,
846 2558 927 2600 dea
959 2559 1085 2609 flava,
1122 2560 1323 2609 fuissent,

176 2632 274 2675 Hoc
305 2647 439 2688 cogor
471 2636 608 2677 sacris
640 2650 760 2678 nunc
794 2650 874 2690 ego
910 2638 1022 2678 ferre
1054 2638 1157 2686 tuis,

115 2706 208 2750 Cur
239 2723 319 2763 ego
354 2711 438 2752 sim
471 2713 626 2762 tristis,
663 2727 762 2758 cum
797 2714 854 2755 sit
885 2714 968 2755 tibi
1000 2717 1108 2756 nata
1139 2718 1311 2768 reperta

1464 174 1512 208 85

1472 405 1508 428 15

1470 1181 1507 1206 25

1468 1569 1506 1594 30

1469 1958 1506 1981 35

1468 2348 1506 2372 40
