1786 3034
672 166 730 196 An
750 167 798 196 11.
825 165 879 204 18,
905 165 1048 197 21—26.
1544 154 1615 188 213

58 281 163 334 ‘tis
201 272 440 331 celebribus,
484 297 586 335 quos
614 285 783 324 iuvenes
825 285 1000 324 studiosi
1042 285 1230 324 solebant
1269 284 1470 324 deducere
1505 285 1547 335 (i.
1580 299 1613 324 e.

102 355 312 407 comitari)
342 356 390 396 in
416 355 553 395 forum
582 357 624 395 et
643 355 692 395 de
718 355 808 395 foro
837 354 1017 395 domum.
1040 380 1093 383 —
1106 358 1328 408 praeceptis
1356 370 1510 408 uryeor
1527 359 1616 408 ipse.

65 471 76 483 -.
102 428 222 478 noea,
247 427 396 468 alludit
414 427 467 467 ad
478 428 510 467 I.
527 427 564 474 4,
581 427 765 467 45—46:
802 427 954 467 «Multa
979 429 1107 467 miser
1119 429 1257 475 timeo,
1275 429 1372 479 quia
1390 428 1471 468 feci
1485 429 1614 468 multa

65 498 67 502 ⁴
101 499 295 551 proterve
312 498 586 550 Exemplique
601 501 715 538 metu
730 501 926 551 torqueor
953 501 1041 550 ipse
1069 501 1174 539 mei»
1207 502 1248 539 et
1271 500 1326 540 Π.
1353 501 1412 547 19,
1429 501 1614 540 33-34:

63 559 65 562 ⁴
108 569 262 623 «Siqua
277 571 574 626 voletpregnare
589 570 670 617 diu,
687 570 857 610 deludat
877 573 1112 610 amantem!
1141 571 1193 610 Ei
1212 572 1345 610 mihi!
1374 585 1427 611 ne
1444 574 1615 612 monitis

54 670 55 674 ,
101 643 299 694 torquear
315 643 406 694 ipse
433 644 560 682 meis»
583 643 624 681 et
651 642 738 682 Tib.
770 642 801 681 I.
833 643 868 689 6,
886 642 1045 682 9-—10:
1082 643 1197 693 «Ipse
1217 645 1344 682 miser
1372 643 1502 690 docui,
1536 657 1614 694 quo

49 739 52 741 -
95 715 244 766 ‘posset
270 713 414 754 ludere
441 714 564 765 pacto
580 713 803 755 Custodes:
832 715 915 753 heu
934 715 1017 753 heu
1032 727 1144 753 nunc
1172 727 1339 765 premor
1367 717 1454 754 arte
1484 728 1610 754 mea.»

62 782 63 786 ⁴
134 793 137 795 ’
176 783 224 827 V.
255 785 428 826 21—26.
458 786 544 826 Aut
584 787 698 837 quod
727 786 950 836 Penelopes
978 787 1065 832 etc„
1108 799 1185 825 vss.
1217 786 1388 827 21*—26.
1420 787 1617 827 docemur

98 849 271 911 poetam
298 858 458 910 aliquot
474 858 686 910 Epistulas
705 857 936 898 Heroidum
966 860 1176 909 scripsisse
1204 859 1361 905 eodem,
1393 872 1472 909 quo
1494 859 1614 899 Amo-

48 917 65 985 ⁴⁴.
99 942 198 970 rum
225 929 389 980 elegias,
410 932 608 981 tempore.
630 953 683 958 —
704 930 927 980 Penelopes
946 931 1079 969 verbis
1097 933 1303 971 reddatur
1325 931 1452 980 Ulixi,
1470 931 1618 970 alludit

98 1001 156 1043 ad
195 1001 293 1041 Her.
341 1001 401 1041 1.:
443 1001 650 1052 Penelope
678 1001 804 1040 Ulixi.
837 1024 889 1028 ——
918 1000 1059 1051 Phylli
1096 1001 1255 1049 relicta,
1296 1001 1383 1040 filia
1412 1001 1612 1047 Sithonia

50 1121 55 1124 Ι
79 1057 211 1124 'regis
237 1072 437 1120 Thraoiae,
466 1074 612 1113 relicta
641 1086 665 1111 a
691 1071 1023 1122 Demophoonte,
1045 1072 1196 1111 Thesei
1224 1072 1333 1120 filio;
1364 1073 1413 1111 cf.
1441 1073 1540 1113 Her.
1563 1075 1614 1114 2:

98 1145 262 1197 Phyllis
295 1144 619 1201 Demophoonti.
650 1167 704 1170 ή-
731 1142 866 1191 Paris,
896 1142 944 1181 cf.
975 1143 1073 1182 Her.
1114 1143 1164 1189 5.,
1194 1141 1267 1182 11111
1296 1143 1465 1183 Oenone
1494 1157 1610 1195 nym-

51 1245 78 1259 ,.
98 1217 187 1269 pha
214 1217 358 1258 scribit
398 1216 541 1258 Paridi
570 1215 743 1256 infideli.
773 1239 827 1243 ffl
856 1215 1088 1264 Macareus,
1119 1215 1167 1254 cf.
1198 1216 1296 1255 Her.
1332 1217 1404 1262 11.‚
1435 1217 1507 1256 ubi
1537 1218 1610 1257 Ca-

63 1289 66 1291 ’
97 1301 218 1336 nece,
244 1289 363 1329 Aeoli
402 1286 500 1335 filia,
544 1287 687 1327 scribit
727 1288 846 1326 fratri
874 1288 1074 1333 Macareo,
1120 1300 1241 1337 quem
1284 1289 1442 1328 incesto
1472 1301 1611 1327 amore

47 1387 61 1412 χῚ
97 1346 267 1401 amavit.
297 1384 351 1389 —
377 1361 489 1400 male
518 1365 666 1411 qratus
694 1360 800 1409 Iaso,
831 1360 879 1398 cf.
910 1361 1008 1399 Her.
1032 1361 1081 1405 6.,
1103 1360 1177 1399 11111
1204 1360 1445 1410 Hypsipyle,
1467 1362 1610 1410 regina

50 1442 55 1454 ²
97 1427 262 1480 Lemni,
283 1432 438 1474 scribit
465 1432 617 1471 Iasoni.
648 1455 701 1458 ἡ
730 1433 841 1471 male
870 1435 1029 1482 yratus,
1059 1432 1291 1482 Hypsipyle
1320 1432 1513 1471 Iasonem
1542 1433 1610 1472 be-

48 1499 68 1543 s
96 1506 228 1556 nigne
256 1505 420 1556 excepit
447 1503 632 1555 hospitio
661 1505 706 1542 in
739 1505 876 1542 insula
907 1504 1071 1549 Lemni,
1104 1503 1175 1542 sed
1214 1503 1307 1542 Iaso
1337 1505 1482 1554 postea
1516 1518 1609 1555 pro-

40 1564 62 1631 :⁴⁴
98 1578 195 1628 pter
221 1588 406 1616 amorem
432 1575 590 1616 Medeae
621 1575 772 1615 oblitus
811 1576 874 1614 est
902 1577 1002 1614 eius.
1032 1599 1086 1603 —-
1113 1576 1418 1626 Hippolytique
1440 1589 1612 1626 parens,

40 1679 52 1705 .:
94 1647 148 1688 cf.
189 1649 289 1689 Her.
323 1647 383 1695 10,
413 1647 487 1687 ubi
514 1646 698 1687 Ariadne
741 1647 886 1686 scribit
913 1647 1084 1693 Theseo,
1129 1649 1199 1698 qui
1240 1661 1332 1686 eam
1371 1647 1527 1698 perfide
1565 1651 1610 1688 in

38 1748 47 1756 .
95 1719 237 1759 insula
248 1718 342 1759 Diae
360 1719 552 1770 reliquit;
574 1719 622 1758 cf.
641 1721 768 1758 etiam
789 1718 881 1758 adn.
905 1731 1029 1769 supra
1049 1718 1100 1757 ad
1118 1718 1150 1757 Ι.
1174 1718 1209 1764 7,
1235 1719 1308 1757 16:
1336 1718 1537 1759 «Cressa»
1558 1744 1609 1747 -a-

96 1791 450 1844 Hippolytusque,
493 1791 542 1830 cf.
573 1791 671 1830 Her.
702 1791 752 1837 4.,
797 1791 870 1830 11111
897 1790 1083 1837 Phaedra,
1128 1803 1232 1829 uxor
1259 1790 1420 1837 Thesei,
1467 1792 1615 1831 scribit

51 1893 53 1898 .
74 1862 338 1914 ,Hippolyto
368 1863 561 1913 privigno
591 1876 674 1909 suo,
708 1874 830 1912 quem
859 1864 1017 1901 incesto
1038 1863 1192 1900 amavit
1213 1874 1363 1900 amore.
1395 1885 1448 1888 »-
1467 1866 1611 1901 tenens

54 1946 57 1947 ’
93 1937 292 1976 strictum
331 1935 464 1975 Dido.
481 1966 489 1974 .
506 1966 514 1974 .
558 1948 713 1984 ensem,
757 1935 806 1974 cf.
837 1936 935 1974 Her.
970 1935 1017 1981 7.‚
1048 1934 1121 1973 ubi
1148 1933 1258 1973 Dido
1289 1933 1431 1973 scribit
1459 1933 1610 1973 Aeneae

38 1992 43 2006 ⁵
95 2006 341 2047 insanam
369 2006 627 2058 profecturo;
672 2006 819 2046 anudst
847 2007 899 2046 ad
927 2008 1026 2046 Her.
1059 2007 1094 2052 7,
1130 2006 1365 2045 183—185:
1400 2006 1611 2056 »Aspicias

2 2099 5 2101 ·
40 2099 62 2119 μ
93 2080 277 2128 utinam,
305 2091 395 2129 quae
425 2079 479 2117 sit
507 2078 726 2118 scribentis
755 2080 916 2128 imago:
938 2077 1167 2118 Scribimus
1196 2078 1238 2116 et
1264 2079 1422 2126 gremio
1442 2077 1611 2116 Troicus

40 2171 56 2187 ».
95 2151 212 2190 ensis
225 2149 353 2196 adest,
369 2149 528 2200 Perque
543 2162 670 2199 genas
684 2150 866 2189 lacrimae
888 2151 1076 2188 strictum
1097 2148 1293 2188 labuntur
1307 2149 1352 2187 in
1368 2161 1545 2187 ensem.»
1560 2172 1612 2175 —-

46 2216 57 2245 ³·
94 2233 252 2270 ensem,
282 2222 396 2261 ensis
422 2221 584 2267 Aeneoe,
617 2235 697 2272 quo
725 2221 835 2260 Dido
863 2223 1008 2272 postea
1037 2234 1081 2259 se
1109 2220 1329 2259 interfecit.
1361 2242 1414 2247 —
1442 2221 1610 2268 Aeolioe,

40 2323 55 2345 .·
96 2294 262 2342 Lesbia,
303 2293 424 2344 fama
463 2295 578 2344 lyroe,
621 2293 800 2344 Sappho,
843 2295 958 2332 vates
999 2292 1150 2332 Lesbia
1178 2292 1456 2338 celeberrima,
1489 2292 1611 2331 decus

35 2351 38 2356 ⁴
98 2376 270 2416 poeseos
299 2365 436 2416 lyricae
466 2365 643 2405 Aeoliae.
663 2365 721 2406 Cf.
743 2366 842 2405 Her.
868 2366 941 2412 15„
963 2366 1036 2404 ubi
1066 2364 1234 2415 Sappho
1264 2364 1407 2403 scribit
1436 2365 1611 2403 amatori

94 2434 272 2476 Phaoni.
302 2435 562 2477 ——Aeoliae.
580 2466 613 2476 ..
650 2438 765 2488 lyroe,
809 2439 906 2488 quia
934 2437 1114 2476 insulam
1143 2436 1267 2475 Lesbi
1294 2436 1431 2474 Aeolii
1460 2434 1610 2474 incole-

50 2530 67 2566 22·
97 2507 212 2554 bant,
242 2507 353 2547 unde
383 2508 454 2548 Ov.
484 2509 582 2547 Her.
619 2509 678 2555 15,
710 2509 812 2548 200:
850 2507 1079 2554 «Lesbides,
1124 2508 1269 2546 Aeolia
1297 2509 1471 2546 nomina
1500 2506 1609 2545 dicta

94 2579 226 2630 lyra»,
257 2580 282 2618 i.
305 2591 337 2618 e.
368 2579 525 2630 puellae,
558 2591 660 2629 quas
689 2579 858 2630 Sappho
887 2579 1143 2619 carminibus
1171 2578 1403 2617 celebravit.
1427 2577 1486 2618 Of.
1508 2578 1607 2616 Hor.

58 2649 234 2690 earm.
263 2649 317 2689 II.
352 2650 412 2696 13,
444 2651 627 2690 23—24:
655 2651 831 2690 «Aeoliis
859 2651 1011 2690 fidibus
1041 2651 1281 2701 querentem
1309 2647 1477 2699 Sappho
1497 2648 1611 2698 puel-

91 2714 151 2760 1115
193 2721 243 2762 de
285 2722 575 2772 popularibus»
610 2724 651 2761 et
693 2722 763 2762 IV.
808 2724 843 2768 9,
883 2722 1062 2761 11-»4-2ε
1099 2720 1356 2770 «Vivuntque
1400 2721 1612 2759 commissi
