1786 3034
299 136 343 170 14
892 149 1071 178 AMORUM
1096 150 1125 179 1.
1155 148 1188 178 4.

416 269 561 322 Tange
593 281 729 308 manu
759 280 970 315 mensam,
994 255 1184 319 tangunt
1215 279 1306 319 quo·
1331 279 1452 308 more
1483 271 1726 328 precantes,

476 344 658 398 Optabis
689 344 845 384 merito
880 356 978 384 cum
1010 343 1128 383 mala
1159 343 1301 384 multa
1331 344 1452 385 viro!

417 420 543 471 Quod
573 420 655 461 tibi
685 420 922 469 miscuerit,
959 419 1120 472 (sapias
1138 420 1166 469 Ζ)
1195 419 1315 461 bibat
1345 420 1452 474 ipse,
1487 420 1662 462 iubeto:

355 517 392 541 30
476 497 539 538 Tu
569 511 756 550 puerum
787 497 943 537 leviter
974 509 1116 549 posce,
1155 495 1272 549 quod
1303 496 1403 549 ipsa
1435 496 1580 545 voles;

416 574 520 625 Quae
552 576 600 614 tu
633 573 884 622 reddideris,
920 586 999 625 ego
1031 572 1200 625 primus
1233 573 1392 625 pocula
1435 585 1606 614 sumam

473 650 541 700 Et,
579 664 663 703 qua
696 653 744 690 tu
776 650 950 699 biberis,
985 650 1067 689 hac
1101 662 1180 701 ego
1213 651 1335 702 parte
1369 648 1529 690 bibam.

415 725 461 766 Si
491 726 573 766 tibi
605 727 716 766 forte
748 725 879 775 dabit,
917 725 1033 779 quod
1064 726 1398 778 praegustaverit
1431 727 1537 780 ipse,
1587 746 1591 749 ·

472 802 601 843 Reice
634 802 794 843 libatos
825 802 947 842 illius
981 815 1054 842 ore
1089 802 1220 850 cibos,

355 898 391 921 35
414 879 502 919 Nec
533 881 705 931 premat
739 878 943 931 inpositis
978 879 1112 919 sinito
1146 881 1222 919 tua
1255 879 1369 921 colla
1398 881 1586 929 lacertis,

473 957 581 998 Mite
613 971 694 997 nec
726 957 774 997 in
806 956 946 1009 rigido
978 958 1152 1009 pectore
1185 969 1300 1009 pone
1333 961 1474 1010 caput,

413 1034 501 1074 Nec
533 1033 657 1074 sinus
690 1033 893 1073 admittat
926 1032 1086 1085 digitos
1119 1033 1342 1073 habilesve
1373 1034 1562 1087 papillae,

474 1109 634 1150 Oscula
665 1110 881 1162 praecipue
916 1109 1043 1149 nulla
1075 1108 1246 1150 dedisse
1278 1109 1415 1151 velis!

415 1186 575 1228 Oscula
607 1187 644 1227 si
677 1186 857 1234 dederis,
892 1185 995 1226 fiam
1027 1185 1289 1226 manifestus
1322 1188 1492 1227 amator

354 1282 390 1305 ιο
472 1262 528 1303 Et
562 1262 703 1303 dicam
742 1276 863 1302 «mea
895 1265 1023 1303 sunt»
1060 1262 1327 1316 iniciamque
1358 1276 1553 1304 manum.

413 1337 519 1379 Haec
549 1341 698 1379 tamen
733 1337 983 1391 adspiciam,
1020 1339 1096 1379 sed
1128 1353 1221 1392 quae
1253 1340 1363 1380 bene
1394 1340 1532 1393 pallia
1562 1339 1717 1390 celant,

472 1415 556 1456 Illa
587 1415 699 1456 mihi
725 1415 832 1456 ,caeci
866 1428 997 1456 causa
1027 1415 1214 1456 timoris·
1234 1420 1376 1457 erunt.

411 1491 498 1532 Nec
531 1492 686 1531 femori
719 1492 944 1532 committe
977 1492 1119 1532 femur
1149 1506 1230 1533 nec
1262 1505 1384 1533 crure
1418 1493 1585 1534 cohaere

469 1568 557 1608 Nec
589 1570 789 1608 tenerum
822 1568 930 1609 duro
964 1582 1062 1609 cum
1093 1569 1202 1622 pede
1234 1569 1366 1622 iunge
1397 1568 1580 1622 pedem!

350 1663 386 1685 47»
410 1643 551 1685 Multa
583 1645 717 1685 miser
747 1645 893 1694 timeo,
930 1646 1032 1698 quia
1064 1646 1147 1686 feci
1177 1646 1318 1686 multa
1347 1648 1558 1699 proterve,

469 1720 754 1774 Exemplique
787 1724 907 1761 metu
937 1724 1145 1774 torqueor
1176 1722 1270 1775 ipse
1301 1722 1414 1762 mei:

411 1795 531 1849 Saepe
564 1797 675 1837 mihi
709 1797 982 1850 dominaeque
1015 1812 1122 1838 meae
1154 1800 1387 1851 properata
1412 1798 1622 1851 voluptas*

468 1872 597 1914 Veste
632 1874 711 1914 sub
743 1874 906 1914 iniecta
938 1873 1062 1915 dulce
1096 1875 1264 1927 peregit
1296 1887 1419 1928 opus,

409 1949 506 1990 Hoc
537 1952 587 1990 tu
619 1963 711 1990 non
744 1950 902 1998 facies;
938 1949 1025 1999 sed,
1060 1964 1115 1990 ne
1147 1950 1302 1991 fecisse
1333 1950 1512 2003 puteris,

355 2044 391 2067 50
474 2023 660 2066 Conscia
693 2025 744 2066 de
776 2028 897 2078 tergo
931 2026 1067 2078 pallia
1100 2026 1223 2066 deme
1249 2026 1352 2066 tuo!

409 2101 487 2142 Vir
507 2101 639 2151 bibat,
664 2115 801 2155 usque
824 2115 929 2154 roga
951 2102 1166 2155 (precibus
1187 2104 1338 2142 tamen
1361 2101 1511 2142 oscula
1526 2088 1673 2143 desint
1688 2103 1713 2153 Ξ)

466 2177 667 2231 Dumque
700 2178 820 2227 bibit,
856 2179 1019 2227 furtim,
1056 2178 1093 2219 si
1123 2181 1260 2232 potes,
1297 2177 1405 2218 adde
1436 2178 1632 2219 merum!

410 2252 455 2294 Si
486 2254 596 2294 bene
630 2254 885 2307 conpositus
919 2267 1073 2294 somno
1105 2253 1295 2306 vinoque
1326 2252 1497 2302 iacebit,

467 2329 712 2372 Consilium
743 2332 871 2372 nobis
903 2345 1056 2384 resque
1090 2332 1297 2383 locusque
1331 2316 1531 2370 dabunt.⁸

345 2426 382 2449 55
407 2396 516 2447 Cum
549 2420 699 2460 surges
733 2408 905 2464 abitura
938 2407 1130 2456 domum,
1166 2418 1392 2459 surgemus
1425 2407 1468 2446 et
1499 2418 1665 2455 omnes,
1719 2447 1722 2450 .

462 2483 516 2523 In
547 2483 742 2524 medium
771 2484 1008 2524 turbae'fac
1039 2497 1208 2524 memor
1240 2496 1396 2535 agmen
1428 2494 1526 2522 eas:

404 2558 590 2612 Agmine
622 2574 691 2601 me
724 2560 922 2600 invenies
956 2562 1031 2600 aut
1061 2559 1300 2600 invenieris
1331 2558 1379 2599 in
1409 2558 1513 2606 illo;

465 2635 685 2690 Quidquid
717 2637 778 2678 ibi
809 2637 974 2690 poteris
1004 2639 1195 2690 tangere,
1230 2638 1361 2689 tange
1393 2636 1506 2676 mei!
