1786 3034
597 187 779 217 AMORUM
803 187 851 215 H.
881 184 915 214 8.

697 342 818 384 VIII.

121 463 349 507 Ponendis
381 464 430 506 in
461 463 585 505 mille
618 461 776 504 modos
807 462 1003 515 perfecta
1035 458 1223 513 capillis

186 539 372 584 Comere
405 540 484 583 sed
517 541 634 583 solas
669 539 816 593 digna,
853 537 1051 593 Cypassi.
1087 537 1202 579 deas.

122 618 184 662 Et
212 619 329 662 mihi
359 617 556 660 iucundo
590 631 685 659 non
717 617 884 658 rustica
916 616 1095 669 cognita
1127 615 1256 662 furto,

184 698 302 752 Apta
333 694 515 751 quidem
549 694 754 737 dominae.
791 693 869 735 sed
900 693 1044 746 magis
1079 695 1181 746 apta
1214 691 1338 734 mihi.

123 774 237 828 Quis
270 774 355 816 fuit
386 774 505 815 inter
529 786 613 814 nos
647 771 803 814 sociati
836 770 1032 824 corporis
1066 769 1230 811 index?

190 851 340 895 Sensit
373 851 635 894 concubitus
668 850 786 891 und'e
820 848 1015 891 Corinna
1045 850 1181 890 tuos?

72 951 75 953 >
123 931 245 973 Num
274 933 427 986 tamen
459 929 649 971 erubui?
680 943 801 978 num,
831 928 963 969 verbo
997 928 1150 981 lapsus
1182 926 1231 967 in
1262 925 1368 968 ullo.

178 1004 381 1052 'Furtivae
414 1007 601 1050 Veneris
634 1007 814 1048 conscia
847 1006 974 1059 signa
1008 1004 1141 1046 dedi?

126 1085 260 1140 Quid,
317 1085 437 1141 quod
466 1086 516 1128 in
549 1085 713 1127 ancilla
747 1083 886 1138 siquis
921 1082 1177 1137 delinquere
1211 1081 1365 1135 possit.

186 1163 324 1207 Hlum
357 1176 438 1218 ego
471 1162 683 1205 contendi
714 1164 863 1202 mente
897 1174 1043 1202 carere
1078 1160 1218 1200 bona!

129 1241 372 1284 Thessalus
406 1241 581 1283 ancillae
615 1240 726 1281 facie
759 1238 985 1280 Briseidos
1020 1238 1138 1279 arsit.

190 1317 326 1362 Serva,
356 1318 585 1373 Mycenaeo
619 1317 808 1359 Phoebas
843 1318 990 1359 amata
1024 1315 1149 1357 duci:

126 1396 220 1438 Nec
242 1409 342 1438 sum
365 1409 445 1450 ego
468 1394 700 1437 Tantalide
723 1394 877 1443 maior,
902 1407 984 1435 nec
1005 1393 1150 1434 maior
1171 1391 1367 1434 Achille:

195 1473 325 1526 Quod
356 1472 505 1516 decuit
536 1487 677 1526 reges,
713 1485 791 1513 cur
820 1471 935 1513 mihi
966 1474 1096 1525 turpe
1129 1471 1316 1524 putem?

129 1550 193 1594 Ut
220 1553 374 1594 tamen
404 1550 544 1592 iratos
579 1551 627 1591 in
658 1553 702 1591 te
736 1549 886 1590 defixit
920 1549 1098 1598 ocellos,

193 1628 295 1671 Vidi
325 1630 370 1670 te
402 1627 511 1669 totis
544 1627 772 1668 erubuisse
806 1627 956 1680 genis;

128 1706 190 1748 At
221 1708 403 1762 quanto,
439 1706 478 1747 si
509 1706 624 1747 forte
658 1705 808 1753 refers,
842 1703 1106 1758 praesentior
1137 1703 1232 1756 ipse

191 1784 276 1826 Per
304 1783 491 1826 Veneris
523 1783 606 1824 feci
639 1782 828 1823 numina
859 1794 1023 1834 magna
1054 1779 1210 1821 fidem!

129 1861 210 1911 Tu,
245 1856 340 1910 de'a‚
373 1862 425 1903 tu
457 1860 612 1902 iubeas
646 1859 786 1901 animi
817 1859 1012 1914 periuria
1043 1858 1143 1913 puri

193 1937 486 1994 Carpathium
519 1937 694 1992 tepidos
728 1951 808 1991 per
838 1951 960 1978 mare
994 1937 1106 1977 ferre
1139 1933 1303 1975 Notos!

127 2015 216 2058 Pro
250 2015 411 2071 quibus
443 2015 602 2057 officiis
633 2016 828 2070 pretium
859 2015 972 2056 mihi
1005 2013 1130 2055 dulce
1163 2010 1354 2066 repende

194 2077 467 2136 Concubitus
500 2092 646 2143 hodie,
681 2094 806 2134 fusca
839 2091 1036 2146 Cypassi,
1070 2092 1199 2132 tuos!

130 2169 251 2236 'Quid
282 2171 435 2213 renuis
466 2170 686 2226 fingisque
719 2184 873 2220 11ον06,
908 2170 1097 2223 ingrata,
1130 2168 1350 2208 timores?

194 2246 391 2290 Unumst
424 2262 446 2289 6
480 2247 676 2289 dominis
710 2247 952 2289 emeruisse
988 2246 1109 2287 satis.

131 2323 265 2388 Quod
297 2324 333 2367 si
369 2325 506 2366 stulta
536 2339 687 2379 negas,
722 2324 855 2366 index
888 2326 1093 2365 anteacta
1125 2322 1297 2363 fatebor

140 2390 173 2398 ί
195 2401 251 2444 Et
281 2402 459 2444 veniam
492 2403 634 2456 culpae
666 2402 869 2456 proditor
900 2402 995 2456 ipse
1028 2414 1149 2445 meae,

79 2533 82 2539 ¹
132 2478 321 2536 Quoque
353 2480 451 2523 1000
482 2483 630 2522 tecum
662 2481 835 2530 fuerim,
871 2480 1174 2534 quotiensque,
1201 2476 1399 2531 Cypassi.

194 2556 392 2599 Narrabo
425 2557 629 2607 dominae,
666 2559 858 2611 quotque
893 2556 1138 2610 quibusque
1171 2553 1329 2596 modis.

1482 1177 1517 1201 10
