1786 3034
585 185 765 214 AMORUM
791 185 838 213 11.
870 183 925 214 14.

705 337 818 379 XIV.

134 455 252 508 Qm’d
279 457 404 499 iuvat
434 457 644 498 inmunes
676 455 782 497 belli
815 468 984 497 cessare
1015 455 1200 509 puellas,

189 533 279 576 Nec
310 534 404 576 fera
433 533 625 588 peltatas
658 533 837 587 agmina
867 533 980 574 velle
1014 533 1149 587 sequi,

131 610 178 654 Si
210 612 308 654 sine
337 611 480 655 Marte
513 612 606 654 suis
637 612 870 666 patiuntur
900 611 1086 652 vulnera
1116 611 1230 658 telis,

189 689 247 732 Et
277 704 415 733 caecas
447 693 623 732 armant
653 691 702 731 in
736 703 816 731 sua
848 690 940 731 fata
970 692 1164 730 manus?

131 768 237 821 Quae
268 770 414 824 prima
443 769 642 811 instituit
671 771 850 810 teneros
884 768 1130 809 convellere
1164 768 1291 814 fetus,

188 846 354 890 Militia
385 848 529 890 fuerat
560 846 695 900 digna
726 846 869 900 perire
895 858 1009 886 sua:

130 925 318 976 Scilicet,
351 928 402 968 ut
433 928 579 968 careat
610 938 820 979 rugarum
852 923 1036 965 crimine
1068 926 1232 972 venter,

190 1002 422 1046 Sternetur
451 1015 612 1063 pugnae
643 1002 786 1044 tristis
820 1002 989 1043 harena
1019 1003 1141 1058 tuae?

129 1079 176 1123 Si
205 1093 305 1123 mos
338 1080 535 1136 antiquis
566 1079 809 1134 placuisset
839 1078 1057 1120 matribus
1089 1077 1219 1127 idem,

189 1157 310 1202 Gens
342 1159 577 1200 hominum
608 1157 717 1199 vitio
750 1155 1003 1210 deperitura
1035 1155 1130 1201 fuit,

130 1234 302 1290 Quique
333 1235 496 1277 iterum
529 1234 706 1283 iaceret,
742 1233 917 1287 generis
948 1231 1193 1286 primordia
1210 1233 1364 1282 nostri,

172 1312 242 1358 :In
272 1326 412 1355 vacuo
442 1311 616 1367 lapides
650 1311 768 1362 orbe,
801 1309 1027 1365 parandus
1061 1313 1166 1351 erat.

129 1389 239 1442 Quis
269 1390 436 1432 Priami
467 1390 673 1444 fregisset
706 1402 824 1443 opes,
862 1388 899 1429 si
930 1401 1099 1429 numen
1134 1401 1346 1442 aquarum

187 1467 311 1510 Iusta
341 1470 589 1510 recusasset
620 1465 818 1521 pondera
850 1466 962 1507 ferre
996 1465 1181 1507 Thetis?

126 1545 212 1587 Ilia
244 1545 282 1587 si
311 1545 485 1587 tumido
517 1543 720 1598 geminos
752 1544 802 1584 in
833 1545 986 1584 ventre
1019 1547 1233 1593 necasset,

188 1621 382 1666 Casurus
415 1623 612 1665 dominae
641 1621 846 1664 conditor
877 1621 1008 1664 Urbis
1042 1624 1161 1670 erat;

129 1701 176 1743 Si
206 1701 358 1744 Venus
389 1702 572 1743 Aenean
605 1700 787 1754 gravida
816 1702 1080 1741 temerasset
1111 1700 1158 1740 in
1193 1701 1303 1745 alvo,

188 1777 434 1821 Caesaribus
466 1779 601 1820 tellus
635 1778 741 1820 orba
774 1778 924 1819 futura
957 1777 1054 1818 fuit.

128 1855 192 1898 Tu
224 1869 411 1911 quoque,
447 1870 546 1898 cum
579 1869 734 1910 posses
766 1855 892 1897 nasci
925 1856 1133 1901 formosa,
1169 1856 1373 1909 pei-isses,

188 1934 477 1989 Temptasset,
511 1934 629 1989 quod
659 1937 721 1984 tu,
758 1934 796 1975 si
826 1937 904 1975 tua
935 1936 1078 1975 mater
1110 1947 1244 1988 opus;

128 2011 229 2066 Ipse
262 2025 355 2065 ego,
391 2026 492 2054 cum
524 2012 686 2053 fuerim
717 2011 879 2053 melius
913 2011 1137 2066 periturus
1173 2012 1375 2062 ama-ndo,

186 2088 409 2131 Vidissem
440 2089 592 2130 nullos
625 2091 765 2130 matre
798 2091 986 2130 necante
1021 2088 1127 2129 dies.

128 2165 245 2217 Quid
274 2167 456 2221 plenam
488 2166 666 2208 fraudas
698 2167 834 2207 vitem
867 2165 1166 2207 arescentibus
1199 2167 1309 2209 uvis.

186 2243 410 2298 Pomaque
443 2243 612 2285 erudeli
643 2243 772 2284 vellis
806 2243 963 2284 acerba
994 2246 1166 2284 manu?

128 2320 294 2375 Sponte
327 2321 471 2363 fluant
500 2324 676 2364 matura
709 2335 800 2372 sua,
838 2321 933 2362 sine
967 2335 1160 2362 crescere
1193 2325 1324 2363 nata:

185 2399 266 2441 Est
296 2400 488 2454 pretium
519 2413 665 2454 parvae
698 2413 790 2441 non
821 2400 917 2441 leve
949 2399 1040 2440 vita
1072 2413 1220 2440 morae.

126 2477 284 2519 Vestra
315 2477 422 2532 quid
454 2477 645 2519 effoditis
679 2477 887 2518 subiectis
920 2477 1089 2518 viscera
1120 2477 1221 2518 telis

186 2553 242 2594 Et
272 2553 473 2595 nondum
505 2554 625 2595 natis
658 2553 754 2595 dira
785 2566 958 2594 venena
990 2552 1139 2594 datis?

126 2631 339 2673 Colchida
370 2645 618 2686 respersam
650 2645 889 2685 puerorum
922 2632 1138 2684 sanguine
1172 2632 1352 2684 culpant

186 2708 327 2763 Atque
362 2722 441 2749 sua
474 2722 635 2750 caesum
666 2712 807 2750 matre
841 2711 1085 2762 queruntur
1116 2710 1244 2761 Ityn;

1463 170 1511 203 :35

1475 1176 1511 1200 10

1474 1565 1509 1589 15

1470 2730 1507 2753 :30
