1786 3034
551 147 732 177 morum
758 148 804 176 11.
832 147 949 178 9-10.
1460 140 1508 174 49

182 265 342 309 Nescio
373 280 461 322 quo
492 267 665 310 miserae
695 269 872 310 turbine
905 270 1068 311 mentis
1102 283 1218 324 agor.

123 342 184 387 Ut
213 345 332 400 rapit
362 345 411 387 in
441 359 636 400 praeceps
670 346 902 387 dominum
935 348 1190 401 spumantia
1223 349 1386 391 frustra
1486 371 1504 394 5

61 442 101 467 uo
181 425 328 468 Frena
358 426 655 467 retentantem
687 423 840 466 durior
872 425 960 467 oris
994 439 1143 480 equus,

123 502 182 546 Ut
213 503 398 554 subitus,
433 517 571 558 prope
602 503 694 544 iam
725 517 888 558 prensa
920 504 1091 553 tellure,
1126 505 1323 546 carinam

181 583 456 637 Tangentem
487 584 641 637 portus
673 583 832 623 ventus
864 582 913 622 in
946 581 1036 622 alta
1067 582 1194 636 rapit,

121 659 194 704 Sic
223 675 295 704 me
327 674 443 716 saepe
475 661 609 702 refert
639 660 809 701 incerta
840 658 1073 713 Cupidinis
1107 674 1225 710 aura,

180 739 380 794 Notaque
411 751 662 793 purpureus
693 739 784 780 tela
816 738 1001 780 resumit
1026 738 1174 780 Amor.
1466 760 1502 784 10

59 838 96 863 π
119 818 239 872 Fige,
272 818 410 873 puer!
442 817 601 872 positis
633 816 780 858 nudus
811 816 895 858 tibi
926 816 1126 870 praebeor
1157 817 1314 858 armis:

123 895 134 910 ⁶
177 897 265 939 Hic
293 895 377 939 tibi
409 898 515 938 sunt
544 895 673 944 vires,
708 894 781 935 hic
812 897 890 936 tua
923 894 1075 935 dextra
1107 894 1236 943 facit;

73 967 97 992 ⁴
116 973 217 1018 Huc
247 978 477 1028 tamquam
507 973 640 1015 iussae
672 973 859 1014 veniunt
890 972 981 1013 iam
1015 974 1173 1026 sponte
1207 973 1404 1025 sagittae:

176 1052 260 1095 Vix
289 1051 382 1094 illis
412 1064 503 1106 prae
534 1065 605 1092 me
637 1053 745 1093 nota
774 1050 984 1105 pharetra
1017 1052 1152 1092 suast.

117 1130 290 1180 Infelix,
322 1131 420 1172 tota
451 1130 714 1183 quicumque
748 1130 973 1184 quiescere
1005 1132 1136 1170 nocte
1461 1149 1497 1172 ιε

55 1228 94 1253 ιο
178 1206 378 1250 Sustinet
410 1209 453 1249 et
485 1221 668 1249 somnos
700 1207 884 1262 praemia
915 1219 1079 1261 magna
1110 1208 1264 1249 vocat!

118 1284 273 1336 Stulte,
307 1284 415 1340 quid
446 1287 513 1327 est
545 1299 742 1334 somnus,
767 1284 922 1339 gelidae
955 1285 1045 1326 nisi
1077 1284 1233 1326 mortis
1256 1285 1439 1338 imago?

174 1363 332 1418 Longa
363 1362 619 1417 quiescendi
649 1365 852 1417 tempora
883 1363 975 1404 fata
1007 1362 1188 1404 dabunt.

107 1441 180 1483 Me
211 1440 346 1483 modo
379 1441 604 1495 decipiant
634 1454 763 1482 voces
796 1440 968 1482 fallacis
1003 1440 1166 1490 amicae,

168 1517 397 1574 Sperando
430 1521 546 1560 certe
578 1517 742 1573 gaudia
772 1532 936 1572 magna
969 1519 1132 1567 feram;
1454 1538 1493 1562 20

42 1616 82 1641 ιε
105 1597 163 1639 Et
191 1596 327 1639 modo
359 1597 602 1640 blanditias
636 1597 763 1647 dicat,
800 1597 932 1639 modo
965 1598 1111 1650 iurgia
1142 1599 1316 1647 nectat3

167 1673 290 1729 Saepe
323 1675 446 1717 fruar
477 1675 672 1726 domina,
706 1689 821 1729 saepe
854 1675 1059 1730 repulsus
1093 1689 1204 1717 eam.

106 1751 235 1804 Quod
257 1752 418 1794 dubius
440 1752 561 1794 Mars
595 1755 672 1803 est,
707 1766 787 1807 per
817 1755 872 1802 te,
908 1753 1110 1807 privigne
1139 1751 1324 1808 Cupido,
1349 1757 1428 1803 est,

162 1829 220 1871 Et
249 1832 399 1872 movet
431 1831 632 1885 exemplo
664 1831 847 1872 vitricus
881 1844 1004 1873 arma
1034 1834 1126 1873 tuo.

103 1906 168 1948 Tu
198 1907 309 1950 levis
342 1922 389 1950 es
421 1909 650 1963 multoque
682 1909 772 1951 tuis
805 1909 1033 1951 ventosior
1065 1910 1148 1950 alis
1450 1929 1487 1953 25

40 2002 82 2028 50
164 1983 426 2041 Gaudiaque
459 1969 667 2041 ambigua
700 1987 866 2041 dasque
898 2001 1123 2042 negasque
1155 1986 1267 2037 fide;

103 2061 150 2105 Si
179 2064 332 2106 tamen
365 2064 544 2106 exaudis
578 2066 764 2119 pulchra
795 2079 896 2107 cum
927 2067 1067 2107 matre
1100 2068 1344 2120 rogantem,

159 2140 391 2184 Indeserta
421 2156 521 2184 meo
553 2146 730 2197 pectore
763 2157 900 2197 regna
932 2158 1058 2197 gere;

100 2206 322 2261 Accedant
352 2233 503 2274 regno,
537 2221 729 2262 nimium
762 2234 872 2275 vaga
902 2223 1043 2271 turba,
1079 2222 1265 2276 puellae:

158 2295 385 2339 Ambobus
417 2298 597 2352 populis
631 2299 693 2340 sic
725 2299 1006 2341 venerandus
1040 2301 1139 2341 eris.
1446 2320 1483 2344 30

706 2490 759 2532 X.

97 2605 162 2648 Tu
192 2607 317 2658 mihi,
351 2610 402 2650 tu
433 2611 562 2661 certe,
598 2613 794 2661 memini,
831 2613 1046 2663 Graecine,
1080 2614 1275 2668 negabas

156 2682 257 2726 Uno
289 2698 421 2740 posse
456 2687 649 2742 aliquem
681 2692 880 2745 tempore
915 2707 1062 2735 amare
1097 2693 1231 2745 duas;

48 2763 228 2799 Ne'methv:
249 2767 283 2794 P.
307 2767 412 2795 oviam·
431 2769 575 2798 Nasonis
595 2772 741 2800 Amorne.
1310 2781 1334 2811 4.
