1786 3034
279 148 321 182 12
841 162 1020 191 AMORUM
1045 164 1072 191 1.
1103 162 1195 192 2-3.

393 279 510 320 Talis
543 282 635 321 erat
669 279 833 320 domita
865 280 1063 320 Bacchus
1098 279 1340 334 Gangetide
1361 283 1514 323 ¹terra:

451 356 515 396 Tu
547 356 690 409 gravis
724 356 915 405 alitibus,
949 356 1135 410 tigribus
1168 357 1243 398 ille
1276 357 1372 398 fuit.

391 432 504 484 Ergo
538 446 636 472 cum
668 433 836 485 possim
870 433 982 474 sacri
1012 447 1114 486 pars
1146 435 1242 475 esse
1274 434 1501 488 triumphi,

331 527 367 550 50
449 509 581 550 Parce
616 512 713 550 tuas
746 510 793 550 in
826 523 895 550 me
929 509 1122 562 perdere,
1155 511 1308 560 victor,
1343 511 1497 564 opesl.

391 585 578 639 Adspice
611 587 785 638 cognati
818 587 964 627 felicia
996 585 1179 628 Caesaris
1213 600 1359 629 arma:

442 661 545 712 ,Qua
576 662 690 711 vicit,
726 664 863 703 victos
896 663 1085 716 protegit
1116 663 1192 704 ille
1224 677 1392 706 manu.v
1417 666 1422 673 '
1444 653 1466 671 ”

971 852 1050 893 ΠΙ.

387 966 508 1008 Iusta
539 982 721 1022 precor:
756 983 849 1022 quae
882 983 951 1011 me
984 983 1126 1022 nuper
1156 969 1350 1022 praedata
1379 968 1583 1022 puellast‚

445 1045 531 1086 Aut
564 1048 680 1086 amet
713 1048 786 1086 aut
819 1046 961 1095 faciat,
998 1059 1073 1087 cur
1105 1060 1183 1098 ego
1217 1059 1388 1099 semper
1420 1045 1590 1086 amem!
1622 1049 1625 1055 '

386 1122 432 1170 A,
468 1123 658 1163 nimium
688 1124 834 1165 volui!
866 1126 1039 1165 tantum
1072 1125 1266 1177 patiatur
1297 1122 1433 1164 amari
1451 1126 1463 1163 τ’

444 1199 642 1240 Audierit
673 1203 846 1240 nostras
877 1203 944 1241 tot
976 1199 1189 1253 Cytherea
1220 1199 1396 1253 preces!

344 1294 360 1316 5
384 1275 554 1328 Accipe,
588 1289 666 1329 per
696 1277 853 1329 longos
884 1276 965 1317 tibi
996 1277 1071 1330 qui
1103 1276 1319 1317 deserviat
1351 1288 1504 1324 annos,

443 1351 612 1404 Accipe,
650 1353 723 1405 qui
755 1365 865 1405 pura
895 1353 1015 1393 norit
1047 1365 1193 1393 amare
1235 1352 1345 1393 fide!

387 1427 429 1467 Si
463 1441 532 1469 me
566 1442 657 1470 non
690 1431 887 1470 veterum
920 1429 1232 1470 commendant
1262 1440 1424 1481 magna
1451 1429 1690 1480 ,parentum
1723 1449 1725 1452 >
1783 1464 1786 1465 γ

442 1505 644 1554 Nomina,
681 1506 717 1545 si
750 1506 890 1546 nostri
924 1506 1153 1559 sanguinis
1187 1508 1338 1546 auctor
1369 1509 1512 1558 eques3

382 1581 468 1621 Nec
500 1595 624 1621 meus
655 1581 903 1622 innumeris
936 1584 1171 1623 renovatur
1203 1595 1381 1635 campus
1415 1581 1583 1630 aratris,

323 1676 358 1700 10
442 1658 670 1711 Temperat
703 1661 744 1698 et
777 1661 978 1710 sumptus
1010 1672 1166 1711 parcus
1197 1661 1379 1712 uterque
1412 1662 1596 1711 parens:
1618 1663 1630 1684 '-

380 1734 434 1772 At
466 1733 655 1774 Phoebus
688 1734 955 1787 comitesque
988 1747 1147 1775 novem
1178 1735 1366 1787 vitisque
1398 1737 1594 1787 repertor

438 1810 554 1851 Hinc
587 1812 765 1860 faciunt,
801 1814 845 1851 at
875 1825 945 1852 me
979 1812 1053 1864 qui
1083 1811 1165 1852 tibi
1199 1811 1343 1859 donat,
1378 1811 1542 1859 Amor„

379 1888 433 1928 Et
464 1889 577 1928 nulli
611 1902 786 1929 cessura
816 1888 936 1937 fides,
972 1889 1065 1929 sine
1099 1889 1282 1929 crimine
1314 1890 1459 1930 mores

436 1964 646 2017 Nudaque
680 1964 937 2017 simplicitas
960 1973 1302 2017 'purpureusque
1333 1963 1487 2017 pudor.

318 2059 354 2082 15
378 2040 476 2080 Non
508 2040 619 2080 mihi
651 2040 773 2080 mille
805 2041 992 2093 placent,
1027 2055 1119 2082 non
1152 2054 1250 2082 sum
1282 2040 1477 2082 desultor
1508 2040 1698 2081 amoris:

436 2115 510 2156 Tu*
529 2116 651 2164 mihi,
688 2116 813 2169 siqua
843 2116 962 2166 fides,
998 2131 1100 2158 cura
1130 2118 1338 2170 perennis
1370 2117 1480 2165 eris3

377 2191 546 2237 Tecum,
583 2205 691 2245 quos
725 2192 924 2234 dederint
956 2207 1096 2234 annos
1127 2194 1239 2234 mihi
1269 2193 1344 2234 fila
1376 2205 1587 2241 sororum,

435 2267 588 2308 Vivere
621 2269 847 2321 contingat
889 2272 1017 2322 teque
1051 2270 1225 2311 dolente
1256 2270 1394 2318 mori;

376 2344 431 2383 Te
464 2344 573 2384 mihi
607 2345 835 2385 materiem
869 2346 1041 2386 felicem
1074 2347 1119 2386 in
1153 2347 1349 2386 carmina
1379 2346 1547 2399 praebe:

314 2437 351 2461 20
432 2419 697 2460 Provenient
730 2434 861 2461 causa
894 2422 1091 2463 carmina
1123 2422 1256 2475 digna
1288 2437 1377 2474 sua.

341 2490 347 2497 '
374 2494 577 2534 Carmine
610 2509 774 2536 nomen
806 2497 970 2538 habent
1003 2500 1208 2540 exterrita
1240 2499 1443 2548 cornibus
1486 2499 1534 2540 Io

431 2570 485 2610 Et
517 2584 648 2624 quarn
680 2571 890 2613 fluminea
921 2574 1028 2614 lusit
1061 2574 1231 2616 adulter
1263 2586 1354 2617 ave*

374 2646 563 2699 Quaeque
598 2645 728 2700 super
759 2651 944 2700 pontum
979 2650 1186 2692 simulato
1218 2655 1341 2693 vecta
1373 2654 1556 2697 iuvenco
