1786 3034
241 131 290 165 80
786 141 964 168 AMORUM
990 139 1055 168 11¹.
1092 137 1183 168 7-8.

422 261 492 312 (Et
524 259 669 301 decuit
701 258 845 300 nudos
878 257 1149 311 proripuisse
1181 256 1316 310 pedes
1331 256 1357 307 ἕ)

362 338 479 379 Neve
513 351 601 378 suae
633 337 819 390 possent
849 335 1066 375 intactam
1099 332 1210 373 scire
1241 333 1469 383 ministrae,

420 415 620 456 Dedecus
652 415 735 455 hoc
769 413 945 465 sumpta
977 409 1273 452 dissimulavit
1304 422 1430 463 aqua.

314 644 323 666 s
929 600 1046 642 VIII.

363 722 420 763 Et
450 722 683 775 quisquam
713 721 930 773 ingenuas
963 720 1219 761 etiamnunc
1251 718 1435 772 suscipit
1467 720 1600 768 artes,

422 798 509 839 Aut
540 799 744 838 tenerum
775 797 901 838 dotes
933 810 1111 838 carmen
1142 796 1303 838 habere
1335 796 1495 849 putat?
1524 807 1526 813 ’

364 874 601 928 Ingenium
633 873 857 927 quondam
890 874 1032 914 fuerat
1062 873 1299 927 pretiosius
1332 885 1453 923 auro,

423 953 480 993 At
511 965 631 993 nunc
662 951 908 993 barbariast
938 951 1131 1004 grandis,
1167 951 1327 992 habere
1359 950 1486 992 nihil.

326 1049 342 1072 5
368 1027 478 1071 Cum
508 1029 691 1083 pulchre
724 1028 914 1069 dominae
947 1028 1090 1069 nostri
1122 1028 1328 1081 placuere
1359 1026 1512 1077 libelli,

427 1106 522 1157 Quo
553 1107 680 1147 licuit
711 1106 849 1155 libris,
885 1118 979 1146 non
1009 1105 1114 1146 licet
1144 1105 1208 1145 ire
1240 1104 1377 1153 mihi3

369 1182 478 1225 Cum
509 1183 623 1225 bene
654 1183 865 1232 laudavit,
899 1182 1079 1223 laudato
1111 1182 1247 1222 ianua
1278 1181 1499 1222 clausast:

428 1261 631 1314 Turpiter
662 1261 749 1301 huc
780 1260 886 1301 illue
919 1259 1178 1312 ingeniosus
1212 1271 1275 1299 eo.

367 1338 490 1389 Ecce,
523 1351 675 1379 recens
709 1337 829 1379 dives
860 1339 988 1390 parto
1021 1349 1100 1389 per
1129 1334 1313 1376 vulnera
1344 1346 1480 1375 censu

309 1434 347 1458 ιο
429 1414 664 1455 Praefertur
695 1413 824 1454 nobis
857 1412 1073 1466 sanguine
1104 1414 1259 1466 pastus
1292 1423 1437 1464 eques.

368 1490 500 1531 Hunc
531 1493 658 1544 potes
690 1491 898 1543 amplecti
931 1490 1149 1538 formosis,
1184 1489 1288 1538 vita,
1321 1487 1532 1530 lacertis?

427 1567 573 1608 Huius
604 1567 652 1608 in
685 1567 900 1620 amplexu,
934 1567 1036 1616 vita,
1070 1557 1211 1607 iacere
1242 1566 1402 1619 potes?

371 1643 416 1685 Si
448 1643 606 1693 nescis,
640 1645 771 1696 caput
801 1643 885 1684 hoc
917 1642 1092 1695 galeam
1123 1644 1299 1694 portare
1332 1639 1527 1688 solebam

428 1720 545 1761 Ense
577 1721 694 1762 latus
726 1720 935 1769 cinctum,
970 1718 1088 1772 quod
1118 1718 1201 1759 tibi
1233 1718 1378 1767 servit,
1413 1718 1528 1766 erat;
1698 1772 1699 1775 Ἴ

311 1817 346 1840 15
370 1797 500 1839 Laeva
530 1809 702 1846 manus,
727 1797 798 1837 cui
820 1809 939 1838 nunc
962 1809 1110 1837 serum
1131 1795 1246 1836 male
1268 1794 1476 1836 convenit
1507 1805 1678 1842 aurum,

431 1873 563 1915 Scuta
593 1874 722 1923 tulit;
757 1873 955 1914 dextram
985 1875 1141 1926 tange:
1175 1873 1358 1913 cruenta
1388 1870 1485 1912 fuit,

372 1950 467 2002 Qua
498 1951 630 2004 periit
662 1951 835 2004 aliquis,
859 1952 985 2003 potes
1017 1950 1132 1990 hanc
1164 1949 1419 2002 contingere
1449 1947 1684 1989 dextram?
1731 1938 1738 1976 3

429 2027 554 2069 Heu!
587 2027 663 2068 ubi
694 2027 907 2068 mollities
938 2026 1129 2080 pectoris
1160 2026 1239 2067 illa
1270 2025 1365 2066 tui?
1628 2006 1632 2009 ”

372 2102 510 2144 Cerne
543 2104 780 2151 cicatrice&
814 2102 974 2144 veteris
1006 2101 1194 2154 vestigia
1223 2114 1406 2155 pugnae:

311 2199 349 2223 20
431 2179 718 2231 Quaesitumst
746 2179 815 2220 illi
845 2191 1038 2232 corpore,
1074 2176 1286 2232 quidquid
1315 2177 1470 2226 habet3

370 2255 577 2297 Forsitan
611 2259 665 2306 et,
699 2255 903 2309 quotiens
935 2254 1162 2296 hominem
1194 2254 1469 2307 iugulaverit,
1503 2253 1581 2296 ille

431 2333 624 2375 Indicet!
658 2316 743 2375 hoc
774 2334 913 2374 fassas
945 2333 1102 2386 tangis,
1139 2344 1282 2381 avara,
1315 2344 1501 2372 manus:

373 2411 452 2452 Ille
487 2424 566 2464 ego
599 2411 828 2452 Musarum
850 2423 995 2463 purus
1027 2409 1267 2463 Phoebique
1300 2406 1502 2449 sacerdos

432 2486 500 2529 Ad
530 2487 694 2541 rigidas
727 2489 856 2527 canto
889 2498 1065 2527 carmen
1097 2484 1229 2526 inane
1263 2484 1412 2524 fores?

315 2583 351 2606 25
374 2563 553 2613 Discite,
588 2563 662 2617 qui
695 2563 863 2616 sapitis,
898 2575 989 2603 non
1023 2575 1117 2615 quae
1149 2573 1231 2601 nos
1263 2560 1426 2601 scimus
1457 2543 1650 2609 inertesJ
1718 2615 1722 2624 „

435 2638 519 2681 Sed
549 2640 742 2693 trepidas
775 2640 889 2680 acies
923 2642 965 2680 et
997 2639 1088 2679 fera
1118 2639 1261 2679 castra
1292 2637 1415 2691 sequi
