1786 3034
587 196 768 226 Amorum
794 195 854 235 11„
871 193 926 224 12.
1476 174 1522 209 53

721 350 819 392 XII.

131 474 528 530 Ite‚triumphales
562 473 728 515 circum
760 484 860 512 mea
890 473 1093 523 tempora
1125 467 1302 509 laurus!

195 553 421 596 Vicimus:
450 552 503 598 ,in
535 551 745 600 nostrost,
782 562 893 598 ecce,
930 546 1128 590 Corinna
1161 546 1275 595 sinu,

137 629 282 683 Quam
296 629 376 680 vir,
397 641 531 683 quam
553 629 714 676 custos,
735 639 868 680 quam
891 625 1026 666 ianua
1047 622 1186 673 firma,
1206 624 1274 664 tot
1294 622 1460 670 hostes,

197 706 453 758 Servabant,
487 705 638 759 nequa
666 705 818 758 posset
851 702 904 744 ab
938 705 1029 744 arte
1064 701 1175 755 capi.

132 785 244 828 Haec
276 787 344 827 est
373 784 600 839 praecipuo
632 782 819 824 victoria
850 780 985 834 digna
1015 779 1257 832 triumpho,
1505 795 1523 820 ε

196 863 252 916 111
283 876 381 918 qua,
418 861 760 917 quaecumquest,
796 858 1013 912 sanguine
1045 856 1195 911 praeda
1227 858 1359 897 caret.

137 941 239 984 Non
269 940 464 983 humiles
497 939 627 988 muri,
662 951 756 979 non
786 937 935 991 parvis
969 934 1135 989 oppida
1167 933 1300 975 fossis

199 1015 366 1068 (fincta,
403 1015 481 1058 sed
512 1018 580 1058 est
612 1015 752 1057 ductu·
780 1016 908 1068 capta
940 1012 1091 1066 puella
1121 1024 1236 1052 meo.

138 1095 353 1150 Pergama
384 1107 486 1136 cum
518 1093 726 1135 caderent
756 1091 874 1133 bello
908 1091 1115 1144 superata
1146 1088 1335 1137 bilustri,

197 1172 264 1214 Ex
292 1173 360 1214 tot
390 1171 440 1212 in
471 1169 638 1212 Atridis
670 1182 774 1223 pars
807 1170 944 1223 quota
973 1166 1119 1209 laudis
1152 1167 1277 1207 erat?
1486 1181 1525 1207 ιο

131 1251 200 1307 ⁴At
228 1263 330 1292 mea
361 1249 600 1303 sepositast
633 1250 676 1288 et
709 1246 762 1288 ab
796 1246 920 1287 omni
951 1245 1093 1286 milite
1128 1243 1294 1285 dissors

198 1325 365 1378 Gloria,
399 1340 483 1368 nec
514 1325 700 1367 titulum
731 1323 931 1364 muneris
965 1322 1078 1363 alter
1108 1321 1266 1362 habet:

134 1404 212 1448 Me
243 1404 353 1447 duce
385 1403 442 1446 ad
473 1405 590 1454 hanc
620 1402 715 1443 voti
744 1401 892 1450 finem,
927 1414 997 1440 me
1030 1399 1172 1440 milite
1205 1397 1330 1447 veni3

197 1482 300 1537 Ipse
333 1494 478 1536 eques,
513 1481 609 1534 ipse
642 1478 789 1534 pedes,
826 1477 1012 1531 signifer
1043 1477 1137 1530 ipse
1171 1475 1249 1516 fui.

136 1558 229 1602 Nec
260 1571 414 1601 casum
445 1559 626 1600 fortuna
658 1556 769 1597 meis
802 1554 1033 1596 inmiscuit
1065 1552 1200 1594 actis:
1487 1569 1525 1594 ιε

199 1636 302 1678 Huc
333 1635 451 1686 ades,
488 1648 514 1677 o
547 1648 653 1676 cura
683 1635 808 1688 parte
842 1631 1081 1685 Triumphe
1114 1630 1239 1671 mea!

139 1715 230 1758 Nec
261 1715 412 1756 bellist
443 1727 560 1755 nova
593 1726 727 1754 causa
757 1712 872 1753 mei:
906 1710 995 1751 nisi
1028 1711 1155 1762 rapta
1187 1708 1345 1749 fuisset

201 1791 429 1847 Tyndaris,
463 1792 652 1845 Europae
685 1804 770 1844 pax
801 1790 1003 1843 Asiaeque
1038 1789 1175 1838 foret3

136 1869 330 1912 ,Femina
361 1870 578 1912 silvestris
611 1870 825 1923 Lapithas
859 1868 1162 1922 populumque
1195 1866 1429 1907 biformem

202 1948 407 2002 Turpiter
439 1947 643 2001 adposito
676 1947 807 1988 vertit
838 1946 887 1987 in
921 1958 1044 1987 arma
1075 1957 1223 1993 mero;
1491 1960 1529 1986 20

140 2026 330 2069 Femina
361 2025 576 2067 Troianos
609 2025 771 2066 iterum
803 2037 920 2065 nova
951 2022 1069 2064 bella
1100 2035 1276 2062 movere

202 2103 374 2159 Inpulit
404 2104 454 2145 in
486 2116 636 2157 regno,
672 2102 786 2144 iuste
819 2101 993 2149 Latine,
1026 2102 1130 2149 tuo;

140 2180 331 2223 Femina
360 2180 579 2222 Romanis
613 2180 870 2221 etiamnunc
903 2178 1019 2221 Urbe
1052 2177 1219 2219 recenti

205 2258 385 2300 Inmisit
417 2272 594 2300 soceros
627 2271 836 2311 armaque
871 2270 986 2298 saeva
1019 2254 1153 2296 dedit.

145 2335 250 2379 Vidi
281 2349 361 2390 ego
393 2349 474 2390 pro
506 2336 640 2377 nivea
671 2336 923 2388 pugnantes
957 2333 1144 2386 coniuge
1177 2334 1355 2373 tauros:
1492 2348 1530 2373 ιε

207 2412 452 2467 Spectatrix
484 2413 659 2454 animos
691 2412 789 2466 ipsa
820 2412 1007 2452 iuvenca
1040 2410 1182 2451 dabat.

142 2489 220 2532 Me
252 2503 438 2545 quoque,
474 2490 551 2544 qui
582 2489 760 2538 multos,
797 2479 875 2530 sed
906 2502 976 2529 me
1011 2488 1106 2528 sine
1139 2485 1254 2528 caede
1289 2483 1459 2539 Cupido

207 2567 344 2610 Iussit
375 2567 548 2609 militiae
583 2567 711 2621 signa
742 2579 918 2607 movere
953 2579 1055 2606 suae.
