1786 3034
575 159 757 188 monum
782 159 828 188 11.
856 158 911 188 19.
1455 146 1500 179 63

152 277 264 338 ‘Gur
292 278 459 322 totiens
490 290 630 320 vacuo
666 278 844 319 secubet
876 277 974 332 ipsa
1007 281 1130 327 toro;

114 354 320 398 Mordeat
350 355 439 398 ista
468 357 569 396 tuas
603 354 843 409 aliquando
877 368 982 396 cura
1014 353 1247 404 medullas,

173 432 328 488 Daque
358 432 509 475 locum
540 433 709 474 nostris
740 421 1066 486 materia'mque
1098 431 1235 474 dolis!

113 510 197 554 ule
227 511 379 566 potest
408 522 548 552 vacuo
582 509 722 551 furari
754 509 884 550 litore
918 508 1121 554 harenas,
1465 530 1501 552 μ,

177 587 368 630 Uxorem
401 587 531 629 stulti
563 587 705 641 siquis
738 600 888 628 amare
921 588 1094 640 potest;

115 664 300 720 Iamque
332 677 412 720 ego
445 664 726 719 praemoneo:
762 665 851 706 nisi
885 667 933 705 tu
967 678 1140 706 servare
1173 665 1370 718 puellam

172 742 355 798 Incipis,
389 743 575 797 incipiet
608 742 810 784 desinere
845 732 940 783 esse
973 755 1087 784 mea.

121 820 266 863 Multa
295 820 461 876 diuque
494 821 603 870 tuli3
639 821 811 875 speravi
848 833 975 874 saepe,
1012 820 1226 863 futurum.

177 897 289 941 Cum
321 898 434 941 bene
467 912 703 947 servasses,
738 900 787 939 ut
819 898 931 939 bene
965 898 1099 939 verba
1131 896 1307 945 darem;
1469 916 1508 939 50

115 975 287 1019 Lentus
320 990 367 1019 es
400 981 444 1019 et
474 978 642 1032 pateris
674 977 789 1018 nulli
821 975 1034 1030 patienda
1066 976 1255 1017 marito:

175 1056 232 1097 At
262 1055 376 1098 mihi
403 1068 614 1098 concessa
644 1055 747 1096 finis
781 1054 946 1096 amoris
979 1054 1076 1095 erit.

119 1132 299 1176 Scilicet
328 1132 486 1175 infelix
516 1146 762 1187 numquam
795 1132 1064 1187 prohibebor
1098 1131 1219 1173 adire
1233 1134 1253 1172 ἶ)

180 1211 276 1254 Nox
307 1211 420 1254 mihi
453 1211 534 1254 sub
567 1211 694 1254 nullo
727 1211 901 1253 vindice
935 1225 1110 1265 semper
1141 1211 1257 1252 erit?

122 1289 464 1349 Nil-metuam?
490 1302 569 1343 per
600 1289 727 1331 nulla
758 1289 936 1331 traham
969 1288 1162 1342 suspiria
1195 1290 1412 1329 somnos?
1472 1309 1510 1332 55

179 1367 254 1410 Nil
283 1367 433 1418 facies,
467 1381 547 1408 cur
577 1370 620 1409 te
653 1367 749 1408 iure
781 1366 951 1421 perisse
984 1366 1153 1407 velim?

121 1444 242 1496 Quid
271 1444 384 1487 mihi
417 1458 517 1492 cum
541 1445 683 1494 ·facili,
720 1444 826 1498 quid
858 1458 959 1486 cum
991 1445 1154 1486 lenone
1187 1444 1383 1485 marito?

179 1521 438 1577 Corrumpit
468 1522 579 1564 vitio
613 1522 774 1576 gaudia
807 1523 962 1563 nostra
996 1534 1090 1577 suo.

119 1599 239 1652 Quin
273 1599 423 1650 alium,
459 1613 591 1654 quem
624 1601 752 1640 tanta
784 1599 908 1640 iuvat
941 1598 1172 1652 patientia,
1209 1599 1403 1651 quaeris?

128 1702 132 1706 -
181 1676 254 1718 Me
286 1677 368 1719 tibi
399 1677 585 1718 rivalem
619 1677 656 1718 si
690 1677 811 1717 iuvat
845 1688 954 1719 esse.
990 1677 1114 1717 veta!
1472 1695 1511 1719 so
