1786 3034
764 151 820 179 AD
841 151 872 180 1.
896 148 927 180 7.
1434 189 1438 193 .
1535 135 1601 169 119

91 268 220 319 tuque
246 268 386 319 puella
412 270 542 307 vale».
572 291 603 295 —
655 269 784 307 Lente
813 280 889 306 nec·
915 268 1096 307 admisso
1129 268 1263 317 turpis
1303 272 1487 314 amante,
1533 268 1602 316 qui

91 338 362 380 inexorabilis
391 352 434 379 es
463 352 596 390 neque
626 341 666 378 te
699 339 956 378 dedecorasti
986 342 1170 378 amatore
1203 338 1396 378 admisso.
1439 339 1602 377 Ianitor

93 410 208 450 enim
243 410 364 449 iussu
388 411 469 450 viri
498 411 645 461 puellae
675 411 855 450 custodit
883 412 1011 449 limen
1054 413 1094 449 et
1135 410 1271 450 officio
1313 424 1384 449 suo
1426 411 1601 449 honeste

95 481 310 528 satisfecit,
331 494 435 528 *cum
464 484 675 522 amantem
705 482 848 521 furtim
877 495 964 520 non
993 481 1173 520 admisit.
1204 483 1310 520 Nam
1338 483 1464 521 etiam
1495 482 1603 532 apud

91 553 237 604 poetas
267 553 446 593 eroticos
476 567 584 605 saepe
614 559 735 604 turpe
763 555 942 599 vocatur,
977 553 1177 604 quidquid
1206 553 1259 592 ad
1289 566 1474 592 amorem
1513 555 1600 591 ille-

91 625 286 674 gitimum
315 627 522 676 pertinet;
553 626 609 665 cf.‘
633 626 754 676 Prop.
798 626 829 664 I.
878 626 936 671 16,
982 627 1030 664 7:
1078 627 1240 675 «turpes
1276 627 1477 669 corollae»,
1508 625 1534 663 i.
1567 638 1599 663 e.

95 696 245 748 quibus
274 700 464 736 exclusus
494 699 655 737 amator
682 697 791 736 fores
821 698 980 747 operit;
1021 696 1118 736 ibid.
1153 697 1227 735 92:
1276 697 1446 746 «Turpis
1488 698 1528 734 et
1556 697 1602 734 in

91 768 234 820 tepido
262 768 410 809 limine
439 782 610 808 somnus
641 770 757 815 erit»,
789 769 838 807 de
869 782 1014 808 somno
1045 769 1241 807 amatoris
1272 768 1449 815 exclusi;
1480 768 1598 817 Prop.

92 839 148 880 II.
179 841 216 887 3,
246 841 298 880 4:
335 840 409 880 «Et
439 841 575 892 turpis
606 841 655 879 de
685 843 724 879 te
754 842 838 879 iam
867 840 972 879 liber
990 842 1094 879 alter
1115 841 1230 885 erit»,
1262 840 1332 878 ubi
1361 841 1484 889 poeta
1503 839 1601 878 alte-

91 924 187 952 rum
215 914 441 962 elegiarum
473 926 639 952 suarum
669 913 820 951 librum
851 914 910 951 ita
938 913 1132 951 nominat
1160 913 1331 962 propter
1358 913 1603 960 argumenta

94 983 260 1022 erotica.
290 1007 343 1011 ——
373 997 581 1024 conservae
603 1015 611 1023 .
634 1012 644 1023 .
666 1015 674 1022 .
705 984 824 1033 fores,
856 996 944 1033 quae
975 996 1059 1021 una
1088 995 1179 1021 cum
1208 984 1386 1022 ianitore
1417 984 1603 1021 serviunt

91 1055 222 1094 limen
251 1055 556 1102 custodientes;
599 1068 647 1094 ex
687 1056 819 1094 Plaut.
856 1055 970 1093 Asin.
1003 1055 1107 1101 386„
1138 1054 1209 1093 ubi
1238 1067 1379 1093 servus
1409 1055 1602 1093 atriensis

93 1125 196 1166 dicit
222 1126 393 1166 ianuam
422 1127 632 1177 pulsanti:
669 1128 793 1166 «Nolo
825 1139 897 1176 ego
929 1127 1049 1172 fores,
1095 1139 1313 1166 conservas
1354 1139 1480 1173 meas,
1511 1139 1535 1164 a
1562 1127 1602 1164 te

92 1196 384 1238 verberarier».

802 1335 893 1374 VII.

651 1433 755 1472 Lib.
784 1432 828 1473 1.
860 1433 971 1484 eleq.
1005 1431 1046 1472 7.

166 1556 544 1597 vehementissime
592 1569 634 1595 se
682 1557 845 1595 incusat
891 1558 1026 1606 poeta,
1076 1556 1184 1606 quod
1230 1556 1365 1594 furore
1408 1555 1600 1604 abreptus

93 1629 241 1680 puellae
263 1631 410 1668 amatae
431 1630 567 1669 crines
587 1629 807 1668 laniaverit
821 1642 1028 1679 genasque
1049 1641 1185 1678 ungue
1206 1628 1425 1666 notaverit.
1448 1626 1605 1664 Auctor

97 1703 160 1741 est
186 1701 274 1742 Tib.
305 1702 338 1742 Ι.
372 1703 432 1749 10,
463 1703 646 1742 53-κ66;

339 1798 414 1834 Sed
439 1797 603 1833 Veneris
629 1799 722 1833 tune
748 1798 851 1832 bella
872 1798 999 1832 calent
1025 1797 1246 1841 scissosque
1274 1795 1437 1841 capillos

383 1856 546 1892 Femina
571 1856 786 1902 perfractas
813 1855 1140 1900 conqueriturque
1166 1854 1292 1889 fores:

338 1917 425 1951 Flet
451 1919 606 1951 teneras
634 1915 771 1950 obtusa
797 1925 941 1960 genas:
969 1915 1036 1949 sed
1062 1914 1186 1949 victor
1213 1915 1249 1948 et
1273 1914 1358 1958 ipse

384 1977 470 2012 Flet
497 1977 572 2012 sibi
599 1977 798 2012 dementes
823 1979 905 2011 tam
932 1976 1102 2011 valuisse
1129 1986 1281 2010 manus.

337 2035 387 2070 At
412 2036 582 2071 lascivus
608 2037 730 2072 Amor
755 2036 846 2070 rixae
873 2036 978 2070 mala
1002 2036 1119 2070 verba
1145 2035 1356 2076 ministrat,

384 2097 493 2131 Inter
519 2099 556 2132 et
581 2097 731 2131 iratum
757 2097 886 2131 lentus
913 2098 1123 2140 utrumque
1152 2095 1270 2130 sedet.

337 2155 381 2199 A,
403 2157 504 2203 lapis
531 2159 589 2192 est
614 2156 849 2201 ferrumque,
877 2167 988 2190 suam
1017 2156 1250 2199 quicumque
1276 2154 1449 2198 puellam

384 2215 594 2252 Verberat:
622 2228 641 2251 e
669 2217 760 2251 caelo
786 2215 929 2260 deripit
955 2215 1020 2249 ille
1048 2215 1151 2249 deos.

339 2274 399 2310 Sit
425 2276 522 2310 satis
549 2287 568 2310 e
594 2275 783 2310 membris
809 2277 968 2310 tenuem
996 2274 1214 2308 rescindere
1241 2275 1401 2315 vestem,

385 2334 443 2370 Sit
470 2336 564 2370 satis
591 2337 751 2370 ornatus
778 2335 1006 2370 dissoluisse
1032 2344 1162 2375 eomae,

339 2394 397 2430 Sit
423 2395 606 2430 lacrimas
632 2395 800 2430 movisse
829 2395 943 2430 satis:
972 2396 1107 2438 quater
1133 2393 1198 2427 ille
1227 2392 1374 2434 beatus,

386 2454 469 2498 Quo
495 2457 631 2490 tenera
656 2455 755 2489 irato
783 2455 874 2490 flere
902 2454 1033 2499 puella
1058 2454 1199 2498 potest.

341 2514 415 2550 Sed
441 2515 623 2549 manibus
651 2515 718 2559 qui
745 2526 868 2549 saevus
896 2514 980 2555 erit,
1009 2514 1239 2556 scutumque
1266 2512 1478 2556 sudemque

388 2574 428 2608 Is
455 2575 568 2619 gerat
595 2575 632 2607 et
659 2573 746 2607 miti
774 2573 823 2607 sit
849 2572 987 2618 procul
1014 2584 1035 2607 a
1060 2572 1221 2607 Venere.
