1786 3034
552 170 732 198 monuit
757 169 823 196 111.
851 166 947 196 64.
1465 151 1509 185 77

7 291 96 335 Aut
123 290 378 334 lutulentus
409 288 504 342 agis
536 287 729 329 brumali
760 289 964 339 tempore
998 299 1167 335 cursus,
1470 303 1509 326 95

63 367 155 411 Aut
183 365 352 422 premis
384 366 584 407 arentem
615 364 963 418 pulverulentus
996 363 1210 405 humum:

7 442 118 498 Quis
147 446 193 487 te
224 446 322 486 tum
353 443 501 497 potuit
534 442 692 484 sitiens
725 441 907 482 haurire
940 441 1119 482 viator?

0 574 1 589 χ
67 521 177 575 Quis
209 521 320 564 dixit
350 523 476 576 grata
506 533 612 563 voce
652 519 885 573 «perennis
920 530 1019 559 eas»
1038 520 1058 559 P

0 591 264 647 {Damnosus
294 599 445 654 pecori
477 598 630 649 curris,
665 597 924 639 damnosior
957 596 1097 649 agris3

65 677 277 721 Forsitan
307 678 402 719 haec
434 677 559 727 alios,
594 690 665 718 me
698 688 798 717 mea
830 674 994 715 damna
1026 675 1222 714 movent.
1456 690 1515 715 100

0 755 127 799 OEuic
152 769 234 810 ego
255 755 347 798 vae!
380 754 563 797 demens
599 753 837 795 narrabam
869 752 1112 794 fluminum
1135 750 1334 792 amores!

65 833 262 877 Iactasse
294 833 477 887 indigne
509 833 695 875 nomina
725 834 854 873 tanta
884 829 1046 884 pudet3

0 911 168 954 ‘Nescio
190 924 324 966 quem
354 910 474 952 hunc
496 912 703 965 spectans
734 908 965 950 Acheloon
983 910 1027 948 et
1043 906 1245 947 lnachon
1278 917 1457 946 amnem

67 989 127 1031 Et
154 988 283 1044 potui
314 1001 494 1038 nomen,
527 987 639 1036 Nile,
674 987 838 1028 referre
870 985 1025 1027 tuum!

2 1067 68 1109 ..At
97 1065 181 1109 tibi
210 1079 292 1121 pro
323 1065 508 1115 meritis,
544 1068 663 1119 opto,
698 1078 790 1106 non
823 1061 1013 1105 candide
1046 1063 1235 1110 torrens,
1461 1078 1518 1102 105

72 1143 172 1187 Sint
202 1143 346 1198 rapidi
379 1143 497 1186 soles
529 1143 731 1196 siccaque
766 1155 942 1195 semper
974 1139 1182 1192 hiemps!

716 1333 811 1374 VII.

13 1456 72 1498 At
100 1467 195 1498 non
227 1455 478 1503 formosast‚
513 1456 560 1495 at
591 1467 684 1495 non
715 1453 827 1494 bene
859 1452 980 1493 culta
1011 1450 1174 1505 puella,

73 1532 143 1584 At,
176 1535 300 1588 puto,
333 1546 426 1574 non
456 1532 573 1574 votis
607 1544 721 1585 saepe
753 1530 894 1585 petita
925 1529 1051 1570 meis.

13 1610 145 1653 Hanc
175 1613 329 1654 tamen
359 1610 408 1652 in
439 1610 591 1652 nullos
623 1608 749 1650 tenui
781 1608 899 1649 male
930 1605 1172 1660 languidus
1205 1619 1324 1649 usus,

76 1686 164 1732 Sed
193 1689 312 1730 iacui
342 1688 468 1742 pigro
501 1687 671 1729 crimen
704 1699 905 1740 onusque
938 1687 1036 1726 toro
1283 1682 1289 1690 ⁸

14 1765 105 1808 Nec
134 1766 264 1821 potui
295 1766 492 1820 cupiens,
526 1764 695 1819 pariter
727 1764 934 1818 cupiente
967 1763 1128 1816 puella,
1386 1770 1388 1772 ’
1502 1780 1520 1804 5

74 1843 282 1899 Inguinis
315 1843 434 1886 effeti
465 1846 591 1898 parte
623 1843 803 1884 iuvante
837 1841 936 1882 frui.

16 1921 103 1964 Illa
133 1920 313 1976 quidem
343 1922 499 1963 nostro
532 1919 722 1962 subiecit
755 1919 950 1961 eburnea
983 1918 1098 1960 collo

76 1998 291 2042 Bracchia
307 1998 530 2060 'Sithonia
561 1997 819 2040 candidiora
850 1997 952 2038 nive

19 2075 270 2136 Osculaque
300 2077 490 2120 inseruit
521 2075 679 2131 cupide
711 2075 932 2117 luctantia
963 2073 1131 2127 linguis

77 2153 315 2198 Lascivum
346 2154 506 2196 femori
538 2153 858 2207 supposuitque
892 2152 1035 2193 femur
1485 2168 1525 2193 ιο

18 2232 78 2274 Et
107 2232 222 2274 mihi
252 2231 495 2274 blanditias
526 2231 637 2273 dixit
669 2229 992 2283 dominumque
1026 2227 1212 2276 vocavit,

79 2309 138 2352 Et
167 2323 264 2364 quae
295 2312 511 2364 praeterea
539 2308 719 2363 publica
750 2307 885 2349 verba
916 2306 1084 2347 iuvant.

22 2387 157 2430 Tacta
185 2390 338 2430 tamen
369 2387 509 2430 veluti
542 2386 689 2441 gelida
720 2399 820 2427 mea
852 2383 1053 2426 membra
1087 2383 1232 2423 cicuta

42 2517 47 2524 Ι
83 2463 247 2520 Segnia
275 2464 557 2518 propositum
588 2463 828 2507 destituere
860 2477 1033 2512 meum;

23 2544 224 2586 Truncus
254 2544 374 2586 iners
406 2543 535 2594 iacui,
571 2543 742 2597 species
774 2545 817 2584 et
849 2542 1009 2583 inutile
1041 2540 1231 2594 pondus,
1489 2558 1526 2582 ιε

82 2623 140 2665 Et
170 2636 263 2666 non
296 2624 507 2672 exactum,
543 2634 701 2675 corpus
734 2634 791 2662 an
822 2620 981 2662 umbra
1013 2619 1167 2660 forem.

25 2699 134 2752 Quoe
163 2699 276 2742 mihi
308 2701 549 2748 ventumst,
585 2697 805 2753 siquidem
836 2700 1036 2741 ventura.
1073 2698 1294 2749 senectus,
