1786 3034
577 160 760 189 AMORUM
785 160 849 188 111.
879 159 912 190 7.
1456 145 1499 179 79

171 279 300 334 Quid,
333 280 423 324 nisi
452 277 636 334 possedi
666 278 789 320 dives
822 291 980 320 avarus
1013 283 1152 333 opes?
1461 298 1498 322 50

111 357 187 402 Sic
217 361 313 402 aret
343 358 504 403 mediis
534 357 659 399 taciti
691 358 896 411 vulgator
926 357 974 398 in
1005 357 1139 399 undis

169 437 406 493 Pomaque,
442 450 539 491 quae
571 435 698 477 nullo
730 438 931 489 tempore
965 438 1132 489 tangat,
1169 435 1314 477 habet.

109 515 150 558 A
179 518 335 558 tenera
366 515 601 571 quisquam
636 514 698 555 sic
732 513 873 567 surgit
905 514 1036 555 mane
1069 514 1231 567 puella,

169 593 380 636 Protinus
412 595 462 635 ut
494 594 672 635 sanctos
704 592 848 646 possit
879 591 1002 634 adire
1035 592 1175 635 deos?

110 668 211 721 Sed,
233 673 358 726 puto,
383 684 477 713 non
498 669 729 712 blandast!
751 683 845 711 non
869 670 1038 724 optima
1059 669 1253 724 perdidIt
1274 671 1323 712 in
1344 685 1414 712 me
1459 691 1495 715 55

171 746 360 791 Oscula!
392 761 486 790 non
518 748 643 789 omni
677 747 935 789 sollicitavit
967 749 1076 802 ope!

107 823 196 867 Illa
227 838 383 879 graves
414 825 562 880 potuit
595 838 782 879 quercus
816 825 1142 880 adamantaque
1176 826 1336 868 durum

171 900 400 957 Surdaque
430 901 663 944 blanditiis
696 915 801 943 saxa
832 915 1009 944 movere
1043 903 1160 953 suis;

108 978 259 1034 Digna
288 985 466 1022 movere
498 980 586 1022 fuit
616 982 734 1021 certe
764 980 977 1035 vivosque
1010 981 1242 1034 virosque:

171 1056 258 1100 Sed
287 1071 432 1113 neque
463 1059 560 1099 tum
591 1058 682 1099 vixi
712 1071 794 1099 nec
826 1059 906 1108 vir,
940 1061 990 1100 ut
1022 1062 1138 1109 ante,
1173 1060 1250 1102 fui.
1458 1080 1496 1104 oo

109 1136 230 1190 Quid
259 1138 394 1189 iuvet,
428 1137 485 1179 ad
517 1137 673 1179 surdas
707 1138 745 1179 si
778 1140 928 1179 cantet
959 1137 1169 1179 Phemius
1203 1140 1366 1179 aures?

171 1213 289 1267 Quid
318 1214 534 1258 miserum
565 1215 819 1269 Thamyran
849 1215 969 1269 picta
1001 1215 1167 1257 tabella
1197 1216 1354 1257 iuvat?

107 1292 167 1335 At
198 1306 295 1348 quae
326 1306 422 1334 non
453 1292 591 1334 tacita
621 1293 812 1335 formavi
845 1293 1006 1347 gaudia
1038 1294 1217 1335 mente!

169 1369 292 1423 Quos
323 1383 404 1425 ego
435 1383 530 1412 non
559 1369 667 1412 finxi
700 1370 986 1426 disposuique
1018 1371 1202 1414 modos!

108 1447 270 1490 Nostra
299 1450 452 1490 tamen
484 1448 658 1490 iacuere
689 1449 812 1491 velut
842 1452 1116 1503 praemortua
1137 1450 1338 1493 membra
1457 1472 1495 1496 ss
1538 1502 1545 1509 ι

168 1525 374 1580 Turpiter
403 1526 615 1568 hesterna
645 1526 928 1580 languidiora
960 1540 1086 1568 rosa:

107 1602 216 1656 Quae
248 1615 381 1653 nunc,
415 1616 525 1654 ecce,
559 1604 712 1658 vigent
742 1605 1061 1659 intempestiva
1091 1606 1343 1660 valentque,
1374 1620 1378 1623 ¹

168 1680 296 1723 Nunc
329 1693 441 1735 opus
475 1684 720 1735 exposcunt
751 1683 1051 1737 militiamque
1091 1697 1229 1726 suam.

107 1756 229 1811 Quin
258 1759 360 1801 istic
389 1758 652 1813 pudibunda
682 1760 813 1810 iaces,
847 1774 951 1814 pars
982 1762 1179 1814 pessima
1211 1763 1387 1804 nostri?

169 1835 240 1879 Sic
272 1850 373 1879 sum
404 1837 617 1891 pollicitis
649 1840 805 1892 captus
838 1840 882 1880 et
914 1842 1018 1880 ante
1050 1840 1164 1882 tuis:
1457 1860 1494 1886 70

107 1914 174 1957 ΤΠ
205 1914 440 1958 dominum
472 1916 605 1966 fallis,
640 1929 719 1969 per
750 1917 794 1957 te
827 1915 1071 1970 deprensus
1104 1918 1290 1960 inermis

166 1993 330 2036 Tristia
359 2007 463 2036 cum
493 2006 658 2047 magno
692 1993 856 2036 damna
887 1994 1056 2049 pudore
1088 1996 1187 2039 tuli.

106 2067 238 2112 Hanc
269 2071 404 2112 etiam
436 2083 530 2112 non
562 2073 629 2113 est
660 2084 761 2113 mea
793 2071 1033 2126 dedignata
1063 2074 1214 2128 puella

165 2145 365 2189 Molliter
394 2146 576 2189 admota
607 2149 846 2191 sollicitare
879 2164 1040 2202 manu;

106 2220 196 2266 Sed
224 2226 463 2278 postquam
494 2225 643 2267 nullas
676 2240 943 2281 consurgere
975 2242 1108 2283 posse
1140 2244 1220 2284 per
1252 2233 1369 2273 artes
1454 2253 1491 2277 75

165 2299 554 2356 Inmemoremque
588 2304 658 2345 sui
689 2305 978 2358 procubuisse
1011 2306 1142 2358 videt,

112 2377 256 2431 «Quid
285 2393 356 2421 me
387 2379 562 2422 ludis?»
601 2381 675 2432 ait,
711 2384 833 2437 «quis
866 2386 921 2433 te,
956 2385 1072 2426 male
1106 2399 1228 2437 sane,
1252 2386 1432 2430 iubebat

166 2454 366 2498 Invitum
396 2461 549 2499 nostro
582 2472 748 2514 ponere
780 2461 980 2511 membra
1012 2465 1145 2504 toro?

104 2522 194 2578 Aut
225 2538 270 2578 te
301 2538 500 2580 traiectis
531 2539 679 2580 Aeaea
709 2539 905 2581 venefica
936 2540 1052 2582 lanis

165 2612 375 2666 Devovet,
409 2618 485 2657 aut
517 2617 605 2659 alio
638 2618 784 2659 lassus
817 2631 968 2660 amore
1000 2619 1166 2662 venis.»
1452 2641 1491 2666 so

105 2688 196 2732 Nec
228 2704 365 2742 mora,
400 2692 583 2735 desiluit
614 2695 766 2736 tunica
797 2695 944 2737 velata
977 2696 1124 2739 soluta
