1786 3034
243 127 289 161 42
830 139 1010 169 AMORUM
1034 140 1082 168 11.
1110 138 1144 168 5.

963 291 1011 332 v.

363 412 521 453 Nullus
553 425 677 453 amor
706 411 875 460 tantist,
910 411 1067 462 (abeas,
1102 410 1351 463 pharetrate
1385 408 1554 464 Cupido
1570 410 1599 462 1)

423 489 481 531 Ut
511 489 623 530 mihi
656 490 745 531 sint
774 489 940 530 totiens
972 489 1163 530 maxima
1193 491 1295 529 vota
1325 488 1452 529 mori.

365 565 478 606 Vota
509 566 625 607 mori
656 578 758 606 mea
790 567 905 614 sunt,
941 578 1040 606 cum
1072 568 1350 618 tepeccasse
1381 562 1600 612 recordor,

423 642 502 684 Ei!
533 641 646 682 mihi
676 643 939 695 perpetuum
971 643 1076 682 nata
1107 640 1257 694 puelia
1286 639 1482 681 malum!

324 738 341 760 5
363 718 462 758 Non
493 718 556 758 mi
587 717 841 771 interceptae
873 716 1043 757 nudant
1074 718 1150 758 tua
1183 717 1297 758 facta
1326 715 1510 764 tabellae,

414 795 511 843 ,Nec
544 794 646 836 data
678 795 836 835 furtive
868 807 1054 835 munera
1086 794 1253 835 crimen
1284 793 1465 834 habent.

366 871 400 913 Ο
432 873 604 914 utinam
637 886 864 926 arguerem
896 872 972 922 sic,
1003 874 1052 912 ut
1083 884 1176 912 non
1206 871 1381 912 vincere
1402 869 1617 923 possem!

424 949 495 991 Me
528 951 767 992 miserum!
800 963 933 1003 quare
964 952 1056 991 tam
1089 950 1206 991 bona
1239 961 1372 990 causa
1401 949 1573 998 meast?

365 1027 500 1077 Felix,
537 1026 622 1079 qui,
658 1025 775 1079 quod
807 1028 936 1075 amat,
973 1025 1204 1067 defendere
1236 1024 1408 1066 fortiter
1440 1023 1583 1074 audet,

307 1126 344 1150 10
429 1105 510 1148 Cui
543 1119 622 1146 sua
660 1118 775 1146 «non
808 1105 915 1145 feci»
954 1103 1095 1145 dicere
1130 1103 1271 1144 amica
1301 1102 1472 1157 potest!

366 1182 553 1223 Ferreus
587 1183 652 1222 est
681 1181 956 1234 nimiumque
991 1193 1069 1221 suo
1102 1180 1219 1220 favet
1249 1179 1326 1220 ille
1359 1177 1512 1228 dolori,

429 1256 509 1299 Cui
541 1257 705 1310 petitur
735 1257 849 1297 victa
881 1256 1029 1310 palma
1062 1257 1242 1296 cruenta
1272 1268 1360 1296 rea.

365 1333 465 1386 Ipse
497 1333 632 1373 miser
662 1331 763 1380 vidi,
799 1346 898 1373 cum
929 1345 998 1373 me
1032 1331 1222 1372 dormire
1253 1332 1444 1384 putares,

431 1409 609 1452 Sobrius
644 1409 845 1463 adposito
879 1410 1064 1451 crimina
1095 1411 1239 1450 vestra
1269 1421 1416 1458 mero;

308 1508 343 1532 15
367 1488 511 1529 Multa
543 1487 776 1540 supercilio
809 1487 899 1528 vidi
930 1487 1128 1528 vibrante
1160 1487 1416 1539 loquentes:
1455 1475 1459 1482 ¹

425 1564 614 1605 Nutibus
646 1563 693 1604 in
724 1563 881 1604 vestris
912 1576 1014 1616 pars
1046 1562 1164 1603 bona
1194 1562 1313 1603 vocis
1347 1558 1451 1605 erat..

366 1642 463 1682 Non
499 1640 616 1681 oculi
647 1641 823 1680 tacuere
856 1639 933 1688 tui,
970 1639 1300 1692 conscriptaque
1331 1638 1436 1679 vino

425 1716 592 1764 Mensa,
626 1729 707 1756 nec
738 1715 786 1755 in
819 1714 969 1768 digitis
1001 1715 1149 1756 littera
1180 1714 1306 1755 nulla
1335 1713 1444 1763 fuit3

369 1794 625 1835 Sermonem
659 1793 828 1846 agnovi,
864 1793 980 1846 quod
1012 1806 1104 1833 non
1136 1792 1346 1841 videatur,
1381 1792 1586 1845 agentem

307 1890 343 1913 20
425 1869 651 1922 Verbaque
684 1882 762 1921 pro
796 1869 925 1910 certis
957 1869 1079 1909 iussa
1109 1869 1253 1909 valere
1286 1868 1417 1909 notis.

367 1947 546 1999 1amque
579 1946 784 1998 frequens
816 1946 927 1986 ierat
958 1958 1112 1986 mensa
1144 1944 1329 1985 conviva
1359 1943 1524 1991 relicta,

427 2021 658 2075 Conpositi
689 2022 869 2062 iuvenes
900 2034 1015 2061 unus
1048 2023 1092 2061 et
1124 2021 1234 2061 alter
1265 2022 1414 2060 erant:

368 2099 559 2153 Inproba
592 2101 687 2139 tum
719 2111 821 2139 vero
853 2099 1087 2151 iungentes
1121 2098 1271 2139 oscula
1301 2096 1404 2147 vidi,

428 2175 525 2226 (Illa
555 2175 668 2215 mihi
698 2174 851 2227 lingua
882 2187 994 2214 nexa
1025 2173 1160 2214 fuisse
1192 2173 1345 2226 liquet)

309 2272 345 2296 25
372 2251 529 2302 Qualia
560 2265 653 2293 non
685 2251 809 2292 fratri
841 2251 993 2291 tulerit
1025 2264 1235 2303 germana
1267 2263 1432 2300 severo,

429 2327 514 2370 Sed
543 2328 695 2368 tulerit
727 2326 884 2380 cupido
916 2326 1065 2368 molLis
1098 2327 1239 2367 amica
1268 2326 1375 2374 viro,

371 2405 527 2456 Qualia
560 2404 811 2445 credibilest
842 2417 935 2444 non
966 2404 1130 2444 Phoebo
1163 2404 1274 2444 ferre
1306 2403 1509 2452 Dianam,

430 2479 514 2522 Sed
544 2480 759 2522 Venerem
791 2480 924 2520 Marti
957 2493 1070 2532 saepe
1103 2479 1258 2520 tulisse
1292 2492 1383 2519 suo.

376 2555 514 2606 «Quid
527 2556 686 2596 facisP»
707 2555 900 2596 exclamo
922 2569 1030 2608 «quo
1053 2568 1171 2596 nunc
1193 2569 1291 2596 mea
1313 2554 1473 2608 gaudia
1495 2554 1680 2597 differs?

308 2650 347 2674 eo
428 2630 613 2672 Iniciam
647 2631 848 2672 dominas
880 2631 927 2671 in
959 2644 1057 2671 mea
1088 2631 1186 2671 iura
1216 2643 1388 2671 manus,
