1786 3034
268 136 313 170 6⁹2
845 150 1024 178 Amorum
1047 151 1094 178 11.
1121 148 1176 179 19.

328 287 363 310 ιο
447 269 626 321 Quaque
660 267 756 320 oapi
789 279 978 319 possem,
1014 266 1172 308 callida
1203 270 1334 309 norat
1365 281 1507 322 opem.
1580 314 1583 317 ,
1638 292 1644 298 -
1726 275 1742 284 ’”

384 345 444 384 A!
480 344 685 397 quotiens
720 343 816 384 sani
848 343 1006 397 eapitis
1038 344 1227 385 mentita
1259 343 1432 386 dolores

445 419 737 461 Cunctantem
769 419 893 460 tardo
926 419 1056 460 iussit
1087 420 1205 461 abire
1237 420 1370 474 pede!

384 496 444 536 A!
479 497 684 550 quotiens
716 496 844 537 finxit
876 497 1064 550 eulpam,
1100 501 1401 552 quantumque
1433 498 1595 540 licebat

443 572 630 634 InsontL
665 572 856 625 speeiem
887 573 1075 626 praebuit
1107 587 1203 615 esse
1234 559 1423 616 nocens!

326 669 360 692 15
387 649 457 690 Sic
489 650 565 690 ubi
596 653 773 691 vexarat
805 649 1063 704 tepidosque
1095 651 1313 695 refoverat
1343 651 1472 704 ignis,

444 727 612 768 Rursus
646 730 738 767 erat
770 728 884 768 votis
917 728 1054 768 comis
1088 729 1131 768 et
1163 730 1266 781 apta
1297 728 1418 770 meis.

388 803 505 854 Quas
527 803 639 844 mihi
661 803 916 853 blanditias,
941 817 1074 857 quam
1096 803 1242 845 dulcia
1262 804 1395 846 verba
1414 796 1621 859 parabat;

446 879 617 929 Oscula,
653 880 698 920 di
729 880 892 933 magni,
928 881 1078 934 qualia
1110 882 1300 934 quotque
1333 879 1492 923 dabat!

394 957 456 997 'l‘u
490 970 672 1011 quoque,
709 970 802 1010 quae
835 960 1011 998 nostros
1045 958 1232 1011 rapuisti
1262 971 1405 1012 nuper
1436 958 1610 1008 ocellos,

325 1052 363 1076 20
391 1039 394 1041 ’
447 1033 569 1087 Saepe
602 1034 708 1075 time
742 1034 941 1081 insidias,
977 1048 1090 1088 saepe
1123 1038 1276 1087 rogata
1307 1049 1422 1088 nega

388 1110 443 1151 Et
476 1110 571 1152 sine
603 1124 674 1151 me
707 1113 809 1152 ante
842 1114 942 1152 tuos
974 1112 1220 1164 proiectum
1250 1113 1298 1152 in
1329 1112 1483 1154 limine
1513 1114 1655 1167 postis
1726 1153 1729 1162 ι
1757 1167 1762 1169 μ

444 1186 599 1240 Longa
630 1188 846 1240 pruinosa
877 1188 1040 1241 frigora
1072 1191 1201 1229 noete
1232 1189 1348 1241 pati!
1738 1178 1769 1245 5³*

386 1262 455 1302 Sic
477 1262 589 1303 mihi
611 1262 739 1303 durat
762 1276 885 1304 amor
904 1263 1149 1317 longosque
1173 1263 1384 1305 adolescit
1405 1265 1454 1305 in
1475 1278 1641 1308 annos:

446 1339 543 1380 Hoc
575 1339 708 1389 iuvat,
744 1339 835 1380 haee
869 1340 1007 1380 animi
1040 1343 1144 1381 sunt
1176 1341 1388 1383 alimenta
1418 1341 1518 1384 mei.

324 1435 361 1458 εὖ
385 1416 566 1469 Pinguis
599 1429 724 1457 amor
755 1417 1030 1470 nimiumque
1061 1420 1219 1470 patens
1250 1418 1297 1459 in
1328 1418 1459 1459 taedia
1489 1402 1620 1461 nobis

442 1493 640 1534 Vertitur
673 1495 727 1543 et,
763 1494 989 1535 stomacho
1025 1494 1165 1536 dulcis
1196 1497 1246 1536 ut
1277 1508 1387 1546 esca,
1422 1498 1562 1538 nocet.

386 1568 429 1609 Si
461 1582 705 1622 numquam
735 1569 921 1611 Danaen
952 1570 1179 1612 habuisset
1210 1585 1347 1613 aenea
1377 1573 1523 1623 turris,

442 1645 539 1685 Non
574 1647 689 1686 esset
720 1645 872 1686 Danae
906 1645 957 1687 de
989 1647 1091 1688 Iove
1124 1648 1238 1689 faeta
1268 1661 1452 1701 parens3

384 1721 498 1761 Dum
532 1725 676 1762 servat
707 1722 820 1763 Iuno
852 1726 1070 1764 mutatam
1103 1724 1310 1766 cornibus
1341 1725 1436 1775 lon,

322 1816 360 1839 30
442 1797 631 1846 Faetast‚
667 1811 799 1850 quam
834 1799 990 1848 fuerat,
1024 1800 1188 1852 gratior
1218 1801 1295 1842 illa
1325 1802 1432 1844 Iovi.

384 1873 510 1925 Quod
531 1875 634 1915 licet
656 1877 698 1916 et
721 1876 904 1924 facilest,
929 1877 1127 1930 quisquis
1149 1879 1281 1931 cupit,
1306 1879 1459 1931 arbore
1481 1880 1651 1922 frondis

441 1949 602 2004 Carpat
636 1954 678 1991 et
712 1965 733 1991 e
767 1965 929 2004 magno
963 1952 1146 1994 flumine
1179 1957 1301 2006 potet
1332 1958 1514 2009 aquam!

382 2027 515 2080 Siqua
546 2029 664 2069 volet
695 2042 878 2082 regnare
912 2029 998 2079 diu,
1033 2029 1212 2072 deludat
1244 2031 1492 2074 amantem!
1523 2040 1524 2043 ’

439 2103 490 2143 Ei
523 2104 659 2146 mihi!
693 2118 750 2145 ne
781 2106 966 2146 monitis
998 2109 1205 2159 torquear
1235 2108 1328 2160 ipse
1361 2108 1496 2150 meis!

321 2198 357 2221 επ,
384 2179 607 2230 Quidlibet
640 2181 828 2230 eveniat,
864 2185 993 2223 nocet
1024 2182 1303 2236 indulgentia
1333 2185 1488 2226 nobis:

441 2256 567 2306 Quod
599 2257 809 2310 sequitur,
845 2259 990 2310 fugio:
1025 2259 1141 2311 quod
1173 2260 1296 2312 fugit,
1330 2260 1425 2314 ipse
1458 2275 1627 2315 sequor.

379 2335 433 2374 At
468 2338 528 2384 tu,
563 2336 766 2377 formosae
798 2337 990 2377 nimium
1023 2349 1173 2378 secure
1203 2337 1374 2390 puellae,

443 2411 587 2464 Incipe
619 2412 709 2452 iam
740 2397 885 2465 prima
918 2412 1118 2454 claudere
1153 2416 1280 2455 noete
1313 2415 1475 2463 forem;

377 2486 541 2538 lneipe,
576 2486 672 2540 quis
706 2487 871 2528 totiens
903 2488 1056 2528 furtim
1089 2491 1168 2529 tua
1198 2489 1358 2530 limina
1388 2491 1571 2543 pulset,¹

316 2580 354 2603 40
439 2562 652 2612 Quaerere,
688 2564 792 2616 quid
823 2564 987 2606 latrent
1019 2567 1148 2607 noete
1181 2566 1338 2607 silente
1370 2580 1514 2618 canes,

379 2636 494 2687 Quas
529 2638 639 2680 ferat
673 2643 714 2680 et
747 2641 910 2682 referat
944 2641 1098 2682 sollers
1132 2643 1294 2684 aneilla
1325 2642 1523 2693 tabellas,
