1786 3034
514 177 695 207 Amorum
721 177 768 206 11.
799 174 892 205 1-2.
1415 157 1461 193 37

73 298 285 344 Carmina
317 297 572 352 sanguineae
606 295 830 337 deducunt
863 282 1030 335 cornua
1062 291 1193 343 lunae,

133 377 192 420 Et
221 377 432 420 revocant
462 375 618 416 niveos
652 372 770 416 Solis
804 371 952 414 'euntis
985 384 1147 425 equos3

74 454 283 499 Carmine
315 453 544 497 dissiliunt
577 451 776 506 abruptis
810 450 1012 492 faucibus
1047 462 1226 502 angues,
1424 467 1460 491 2⁵

134 531 275 588 Inque
307 544 412 574 suos
445 531 592 572 fontes
623 542 752 570 versa
782 527 968 569 recurrit
1001 539 1140 580 aqua3

74 607 358 653 Carminibus
390 621 560 650 cessere
593 608 722 656 fores,
758 606 1012 659 insertaque
1044 604 1175 659 posti,

137 685 349 740 Quamvis
380 685 516 727 robur
548 686 658 735 erat,
690 683 886 725 carmine
919 682 1035 724 victa
1068 683 1220 723 serast.

75 763 196 817 Quid
225 763 339 806 mihi
370 762 590 818 profuerit
621 761 750 803 velox
783 762 988 802 cantatus
1020 759 1252 801 Achilles?

139 841 256 894 Quid
286 855 367 896 pro
399 828 470 882 me
502 839 678 882 Atrides
712 839 824 880 alter
856 841 899 880 et
932 838 1044 879 alter
1075 840 1221 890 agent,
1425 855 1464 879 ao

75 920 250 976 Quique
281 921 349 962 tot
380 918 581 981 errando,
618 920 726 973 quot
757 917 888 967 bello,
924 914 1119 970 perdidit
1151 928 1307 964 annos,

136 997 308 1053 Raptus
341 999 386 1039 et
416 996 670 1038 Haemoniis
703 994 866 1037 flebilis
898 994 1068 1035 Hector
1099 992 1258 1047 equis?

77 1075 134 1118 At
164 1075 277 1117 facie
308 1079 472 1116 tenerae
504 1072 686 1116 laudata
719 1086 834 1126 saepe
867 1070 1026 1125 puellae

137 1151 207 1194 Ad
236 1153 398 1203 vatem,
429 1151 624 1206 pretium
656 1148 880 1199 carminis,
915 1148 1014 1201 ipsa
1044 1147 1179 1188 venit.

75 1228 244 1283 Magna
275 1227 404 1271 datur
434 1228 629 1269 merces!
662 1213 849 1268 heroum
882 1226 1001 1267 clara
1031 1225 1174 1266 valete
1428 1243 1465 1267 ⁸⁵

138 1306 358 1349 Nomina:
390 1319 484 1347 non
517 1307 665 1359 aptast
697 1304 840 1359 gratia
870 1305 1017 1344 vestra
1047 1302 1174 1342 mihi.

78 1383 148 1426 Ad
177 1397 279 1426 mea
308 1385 529 1426 formosos
561 1383 710 1423 vultus
744 1381 962 1430 adhibete,
996 1380 1169 1434 puellae,

141 1460 362 1513 Carmina,
397 1474 647 1515 purpureus
681 1473 777 1513 quae
810 1458 923 1499 mihi
956 1457 1093 1499 dictat
1124 1457 1286 1499 Amor!

691 1650 747 1691 ΙΙ.

81 1771 224 1824 Quem
255 1785 394 1826 penes
427 1773 496 1813 est
527 1770 761 1812 dominam
795 1767 1002 1810 servandi
1035 1781 1155 1820 cura,
1184 1767 1344 1821 Bagoe,

142 1849 261 1892 Dum
292 1862 455 1904 perago
486 1851 637 1891 tecum
669 1860 823 1902 pauca,
861 1846 937 1888 sed
969 1848 1085 1900 apta,
1119 1846 1252 1887 vaca!

9 1959 16 1965 .
78 1925 305 1968 Hesterna
334 1925 427 1968 vidi
460 1926 734 1980 spatiantem
766 1924 863 1966 luce
895 1923 1094 1978 puellam

141 2003 240 2054 Illa,
273 2017 369 2058 quae
400 2003 550 2045 Danai
581 2003 779 2057 porticus
813 2015 973 2055 agmen
1005 2001 1162 2050 habet;

78 2080 302 2132 Protinus,
337 2084 388 2123 ut
419 2081 601 2136 placuit,
635 2081 740 2122 misi
773 2081 1025 2134 scriptoque
1058 2079 1235 2133 rogavi:
1452 2097 1470 2122 ε

141 2157 387 2213 Rescripsit
419 2158 595 2213 trepida
632 2172 750 2199 «non
781 2157 911 2199 licet»
949 2157 1030 2198 illa
1061 2169 1210 2205 manu,

80 2235 151 2287 Et,
186 2244 264 2278 cur
293 2250 388 2278 non
419 2237 563 2287 liceat,
600 2236 816 2291 quaerenti
847 2234 1020 2277 reddita
1051 2235 1240 2284 causast,

145 2313 275 2366 Quod
304 2314 498 2356 nimium
531 2313 723 2356 dominae
757 2326 862 2354 cura
893 2312 1084 2354 molesta
1114 2314 1248 2354 tuast.

85 2389 133 2434 Si
165 2391 297 2452 sapis,
334 2404 359 2432 o
392 2394 554 2441 custos,
592 2390 754 2441 odium,
790 2390 904 2432 mihi
936 2389 1074 2439 crede,
1109 2388 1269 2430 mereri

142 2468 335 2510 Desine:
370 2482 504 2523 quem
535 2457 695 2510 metuit
729 2468 926 2522 quisque,
962 2467 1131 2520 perisse
1163 2465 1299 2520 cupit.
1435 2484 1475 2509 ιο

80 2545 164 2588 Vir
194 2559 367 2602 quoque
401 2560 494 2588 non
528 2547 733 2601 sapiens:
759 2545 866 2600 quid
888 2545 1010 2586 enim
1033 2557 1206 2586 servare
1229 2543 1412 2593 laboret,

145 2623 273 2666 Unde
305 2623 433 2675 nihil,
470 2624 672 2678 quamvis
704 2637 798 2665 non
829 2625 996 2668 tueare,
1031 2621 1180 2676 perit?

85 2698 174 2743 Sed
204 2705 328 2756 gerat
360 2702 436 2743 ille
472 2715 553 2743 suo
584 2715 756 2744 morem
789 2701 985 2742 furiosus
1018 2699 1160 2742 amori
