1786 3034
255 160 322 194 146
835 173 890 200 AD
915 172 944 200 Ι.
975 170 1029 204 13,
1059 169 1174 200 5-16.

254 291 406 329 croceis
426 289 586 327 Aurora
614 288 806 338 capillis.»
833 310 885 315 —
899 289 1106 337 pruinoso
1124 317 1131 325 .
1151 318 1158 325 .
1177 318 1185 325 .
1217 300 1309 332 ame,
1339 288 1435 338 quia
1453 298 1576 327 mane
1594 287 1747 328 cadunt

254 375 321 400 ros
355 363 396 399 et
423 360 592 410 pruina;
618 354 683 398 cf.
716 372 838 409 supra
866 359 896 397 I.
927 360 962 404 6,
994 360 1066 397 65:
1102 359 1291 408 «Iamque
1320 356 1557 408 pruinosos'
1578 358 1746 398 molitur

252 432 416 471 Lucifer
445 444 572 469 axes.»
598 431 659 469 De
681 443 801 468 curru
827 429 994 467 Aurorae
1016 429 1064 466 cf.
1087 429 1180 467 adn.
1201 429 1252 467 ad
1271 429 1302 467 I.
1325 429 1361 474 8,
1381 429 1419 468 4.
1439 452 1491 456 -e-
1511 428 1746 468 Memnonis

252 504 427 550 umbris,
456 503 665 547 Memnon,
696 513 766 538 rex
793 500 1043 549 Aethiopum
1074 499 1139 550 (cf.
1174 511 1296 548 supra
1335 499 1368 539 I.
1397 499 1434 546 8,
1465 499 1608 551 3—4.),
1636 499 1744 539 filius

252 574 431 619 Aurorae,
462 573 568 610 bello
585 572 763 610 Troiano
793 571 949 609 occisus
970 571 1031 608 est
1050 569 1100 608 ab
1119 570 1287 608 Achille.
1309 593 1362 596 --
1381 571 1540 609 Annua
1555 569 1774 611 sollemni.

253 647 376 684 caede
403 648 594 694 parentet
613 644 711 688 avis,
743 655 791 680 ex
819 641 1022 680 cineribus
1050 628 1284 679 Memnonis
1311 641 1358 679 in
1376 651 1474 688 rogo
1502 640 1746 679 exstiterunt

251 728 345 755 aves
363 713 651 753 Memnonides
679 712 806 759 dictae,
838 725 925 762 quae
954 713 1183 762 pugnantes
1211 713 1321 749 inter
1347 723 1390 749 se
1418 710 1609 760 sollemni
1636 710 1743 749 caede

251 787 423 824 inferias
453 797 611 823 annuas
639 783 826 822 ferebant
854 784 893 821 ei
921 782 985 820 die
1014 781 1180 827 mortis;
1210 781 1259 820 cf.
1289 781 1361 820 Ov.
1390 781 1487 820 Met.
1515 781 1633 820 xm.
1660 781 1744 832 (ubi

252 859 340 895 tota
381 856 520 894 fabula
546 854 754 904 narratur)
784 853 1019 892 618—619:
1056 850 1362 891 «Memnonides
1390 850 1519 897 dictae,
1561 862 1655 889 cum
1683 851 1744 889 sol

253 927 442 966 duodena
473 926 631 976 peregit
661 924 798 973 Signa,
827 925 1030 974 parentali
1060 924 1268 962 moriturae
1297 935 1396 962 voce
1423 921 1657 962 rebellant.»
1691 945 1744 949 „-

254 1001 362 1038 εοεαε
398 1002 605 1048 parentet,
646 998 887 1047 parentare:
933 996 1135 1046 significat
1173 995 1342 1034 inferias
1382 992 1575 1032 Manibus
1611 992 1741 1039 ferre;

251 1068 359 1107 caede
402 1070 539 1106 autem
579 1069 796 1117 parentare
834 1067 910 1105 fuit
951 1080 1039 1105 mos
1084 1066 1407 1116 antiquissimus,
1449 1065 1496 1103 ut
1535 1063 1666 1102 elucet
1693 1075 1744 1101 ex

251 1138 373 1177 Hom.
402 1138 447 1176 Il.
478 1137 628 1176 XXIII.
665 1138 736 1176 108
752 1137 896 1186 ⁷425„
925 1136 995 1175 ubi
1023 1135 1201 1174 Achilles
1230 1135 1420 1174 Manibus
1440 1133 1618 1173 Patrocli
1645 1133 1742 1172 duo-

253 1208 384 1247 decim
425 1209 594 1246 iuvenes
634 1208 832 1246 Troianos
872 1210 1037 1246 mactat.
1085 1208 1194 1246 Hinc
1234 1208 1360 1246 etiam
1396 1204 1481 1245 ludi
1510 1204 1744 1255 gladiatorii

253 1280 361 1330 apud
390 1279 598 1317 Romanos
635 1280 680 1316 in
716 1279 927 1317 funeribus
965 1278 1177 1318 nobilium.
1208 1302 1261 1305 —
1287 1279 1446 1317 Annua
1462 1307 1470 1315 .
1488 1307 1496 1315 .
1514 1308 1523 1316 .
1552 1280 1744 1326 parentet
1784 1319 1786 1321 ,

253 1352 351 1394 avis,
394 1351 419 1388 i.
450 1363 482 1389 6.
515 1350 747 1399 quotannis,
777 1352 822 1388 ut
849 1349 933 1388 Tib.
964 1349 1017 1387 Π.
1052 1350 1084 1395 1,
1113 1350 1185 1388 48:
1222 1348 1426 1399 «Deponit
1452 1346 1577 1387 flavas
1604 1360 1743 1386 annua

254 1423 362 1460 terra
392 1433 563 1460 comaS.»
1783 1404 1786 1417 ⁴

324 1492 374 1531 V.
405 1492 548 1531 5-10.
579 1492 707 1530 Nunc
735 1492 853 1528 iuvat
880 1491 926 1529 in
969 1491 1120 1528 teneris
1148 1492 1332 1529 dominae
1361 1491 1538 1530 iacuisse
1568 1491 1742 1536 lacertis,
1781 1491 1786 1511 ³

252 1565 298 1602 ut
325 1563 411 1602 Tib.
440 1563 470 1601 Ι.
506 1563 539 1609 1,
568 1562 750 1600 4-5Ϋ46ι
787 1561 939 1608 «Quam
963 1562 1156 1600 iuvat...
1188 1561 1400 1600 dominam
1429 1563 1571 1600 tenero
1613 1562 1741 1600 conti·
1783 1587 1786 1605 .

253 1635 390 1672 nuisse
421 1633 548 1672 sinu.»
583 1655 634 1660 —-
654 1633 778 1671 lateri
805 1644 920 1670 nunc
951 1632 1051 1670 bene
1079 1633 1227 1670 iuncta
1254 1643 1343 1669 ‘meo
1373 1636 1441 1680 est,
1472 1644 1521 1670 ex
1547 1631 1743 1682 Meleagri

253 1705 547 1754 epigrammate
578 1702 718 1753 (Anth.
738 1701 822 1740 Pal.
843 1701 890 1740 V.
925 1702 1010 1747 172,
1042 1700 1121 1751 20:
1144 1696 1250 1753 Ἄρτι
1278 1699 1398 1754 φίλας
1425 1701 1588 1756 Δημοῦς
1607 1700 1742 1758 χρωτὶ

253 1772 533 1828 χλιαενομένῳ.
564 1796 615 1800 —-
644 1774 781 1811 somni
807 1774 997 1822 pinques,
1029 1773 1179 1821 quieti;
1213 1774 1384 1822 pingues
1413 1775 1525 1813 enim
1552 1774 1741 1813 homines

252 1846 405 1883 inertes
449 1847 489 1883 et
529 1845 650 1883 otiosi
691 1857 777 1882 esse
816 1845 960 1883 solent.
1004 1843 1063 1883 Cf.
1102 1843 1212 1882 infra
1248 1844 1303 1882 II.
1345 1845 1403 1890 19,
1441 1845 1517 1884 25:
1552 1845 1740 1895 «Pinguis
1778 1828 1780 1830 v

253 1929 388 1954 amor»
423 1915 566 1953 eodem
607 1927 737 1952 sensu.
770 1938 819 1941 ——
849 1915 1061 1964 liquidum
1091 1917 1207 1953 tenui
1248 1919 1415 1964 ,qutture
1456 1919 1599 1955 cantat
1639 1919 1737 1964 avis,

255 1988 350 2036 quia
379 1999 472 2025 aves
502 1988 685 2035 tempore
715 1985 881 2023 diluculi
923 1987 1248 2035 expergiscentes
1275 1985 1318 2023 in
1356 1985 1567 2025 frondibus
1595 1999 1739 2026 canere

253 2057 411 2102 solent;
454 2068 503 2093 ex
531 2056 617 2094 Tib.
648 2056 679 2093 I.
709 2057 746 2101 3,
776 2057 852 2094 60:
889 2056 1036 2105 «Dulce
1066 2058 1215 2094 sonant
1242 2058 1356 2094 tenui
1384 2058 1545 2106 gutture
1573 2069 1738 2097 carmen

253 2139 380 2165 aves.»
415 2126 473 2165 Cf.
507 2126 577 2165 Ov.
607 2126 716 2164 Fast.
746 2127 816 2166 IV.
843 2127 1073 2166 165—166:
1103 2129 1211 2166 «Nox
1239 2127 1308 2166 ubi
1337 2129 1550 2168 transierit
1578 2129 1736 2168 caelum-
1774 2170 1776 2172 ,

253 2210 329 2247 que
354 2197 564 2235 rubescere
584 2198 717 2246 primo
747 2197 938 2247 Coeperit
957 2199 997 2236 et
1024 2199 1141 2236 tactae
1161 2211 1252 2236 rore
1283 2200 1506 2248 queruntur
1533 2212 1660 2238 avesa)
1686 2224 1736 2228 -

251 2269 474 2318 liquidum,
514 2268 669 2317 liquida
697 2280 804 2312 voce,
847 2268 872 2307 i.
903 2281 935 2306 e.
965 2280 1078 2317 pura,
1118 2269 1227 2306 clara
1255 2270 1294 2306 et
1322 2269 1508 2308 iucunda.
1538 2294 1589 2298 -—
1619 2273 1738 2310 tenui
1761 2271 1775 2284 ³

251 2343 431 2388 yutcure,
462 2341 644 2387 angusto,
675 2350 813 2387 parvo.
844 2361 894 2365 ——
928 2339 1178 2378 Roscida...
1213 2340 1312 2385 lora,
1343 2340 1390 2378 cf.
1413 2339 1506 2380 adn.
1535 2353 1658 2391 supra
1685 2341 1737 2380 ad
1764 2340 1772 2386 ξ,

250 2422 308 2447 VS.
339 2410 385 2447 Q:
422 2410 637 2457 «pruinoso
667 2421 774 2446 axe.»
822 2431 852 2434 ν-
871 2420 1166 2457 purpurea...
1201 2423 1343 2457 manu,
1374 2423 1513 2456 rosea;
1544 2413 1604 2450 est
1624 2413 1735 2450 enim
1771 2433 1774 2436 ·

250 2479 408 2517 Aurora
429 2480 651 2518 secundum
670 2480 897 2518 Homerum
916 2477 1241 2531 ῥοδοδάκτυλος.
1265 2505 1269 2506 ⁷
1333 2483 1560 2530 supprime,
1590 2483 1734 2529 retine,

251 2549 426 2586 retrahe.
1537 2551 1539 2553 ’

322 2618 377 2656 V:
405 2619 568 2657 11wlss.
605 2621 752 2658 melius
791 2633 868 2658 sua
904 2621 1041 2659 sidera
1081 2627 1212 2659 servat
1243 2621 1408 2669 Navita,
1452 2623 1547 2672 quia
1571 2621 1734 2672 'antiqui
1757 2617 1767 2670 ζ

250 2689 474 2726 secundum
515 2689 647 2727 sidera
677 2703 839 2728 cursum
868 2691 1033 2728 navium
1063 2690 1304 2740 dirigebant.
1334 2715 1384 2718 —
1412 2697 1556 2739 servat,
1599 2680 1731 2731 obser·
1764 2707 1766 2711 ’
