1786 3034
247 141 292 175 22
843 155 1022 183 AMORUM
1046 154 1073 182 1.
1103 153 1136 183 8.

365 272 511 313 Prosit
540 274 590 312 ut
622 271 875 320 adveniens,
912 283 968 311 en
1000 269 1188 324 adspice,
1225 270 1348 312 dives
1379 273 1554 313 amator

430 347 488 388 Te
521 347 688 401 cupiit;
722 360 849 396 curae,
885 346 989 400 quid
1021 346 1102 387 tibi
1134 345 1260 396 desit,
1294 346 1440 388 habet.

367 423 448 464 Est
481 423 615 464 etiam
647 423 796 474 facies,
831 436 924 476 quae
959 436 1005 463 se
1038 422 1120 464 tibi
1152 424 1375 476 conparet,
1403 422 1500 464 villi:

430 498 476 541 Si
508 502 551 541 te
582 512 675 549 non
709 501 905 552 emptam
936 499 1085 550 vellet,
1119 498 1332 540 emendus
1365 500 1498 541 erat.»

310 596 347 619 35
370 577 569 618 Erubuit.
612 576 771 617 «Decet
803 576 904 617 alba
937 575 1114 629 quidem
1145 575 1289 628 pudor
1320 589 1407 633 ora,
1437 574 1512 617 sed
1542 575 1648 630 iste,

430 652 475 695 Si
509 653 703 700 simules,
738 653 946 707 prodest;
978 665 1108 694 verus
1142 652 1294 694 obesse
1328 653 1452 700 solet.
1516 687 1518 690 .

372 729 481 772 Cum
513 730 624 771 bene
658 729 839 771 deiectis
872 730 1092 783 gremium
1124 729 1343 783 spectabis
1377 729 1540 787 ocellis,

432 807 657 858 Quantum
689 807 873 861 quisque
907 807 1032 856 ferat,
1064 806 1368 860 respiciendus
1399 807 1518 869 erit„

370 882 578 923 Forsitan
609 882 836 923 inmundae
869 882 994 924 Tatio
1027 884 1240 936 regnante
1273 881 1446 925 Sabinae

313 977 351 1002 ιο
432 958 666 1000 Noluerint
696 958 876 999 habiles
899 958 1102 1011 pluribus
1135 971 1231 1000 esse
1262 959 1394 1005 viris;

374 1036 498 1077 Nunc
528 1035 649 1077 Mars
682 1035 875 1077 externis
909 1036 1082 1076 animos
1115 1037 1285 1077 exercet
1317 1036 1362 1077 in
1394 1036 1542 1086 armis,
1600 1083 1602 1085 v

432 1112 488 1152 At
518 1112 669 1154 Venus
700 1112 860 1152 Aeneae
895 1115 1051 1164 regnat
1082 1112 1130 1152 in
1161 1112 1269 1153 urbe
1302 1112 1383 1154 sui.

372 1187 553 1228 Ludunt
584 1187 814 1228 formosae:
848 1190 1023 1236 castast‚
1059 1201 1190 1241 quam
1222 1201 1354 1228 nemo
1386 1188 1582 1241 rogavit;

432 1264 532 1312 Aut,
569 1264 606 1306 si
638 1265 862 1305 rusticitas
895 1278 987 1306 non
1019 1267 1152 1314 vetat,
1186 1247 1284 1318 ipsa
1317 1267 1453 1318 rogat.
1504 1313 1533 1323 „

313 1358 349 1383 45
372 1339 465 1380 Has
492 1353 677 1393 quoque,
708 1353 802 1394 quae
829 1340 990 1382 frontis
1016 1353 1148 1393 rugas
1173 1341 1221 1381 in
1247 1340 1408 1382 vertice
1432 1342 1632 1395 portant,

431 1417 620 1458 Excute:
654 1417 707 1458 de
740 1418 859 1471 rugis
891 1418 1077 1459 crimina
1107 1418 1250 1460 multa
1281 1404 1453 1460 cadent·

372 1495 593 1548 Penelope
626 1495 838 1536 iuvenum
872 1496 988 1537 vires
1020 1496 1266 1549 temptabat
1297 1497 1346 1537 in
1375 1510 1511 1553 arcu:

435 1571 519 1622 Qui
550 1571 668 1611 latus
702 1573 918 1624 argueret,
953 1585 1140 1613 corneus
1172 1585 1298 1632 arcus
1331 1574 1434 1614 erat.

373 1646 560 1687 Labitur
591 1647 761 1688 occulte
793 1647 993 1702 fallitque
1025 1648 1235 1689 volubilis
1268 1650 1387 1698 aetas,

313 1742 351 1766 50
434 1724 493 1765 Ut
524 1724 641 1765 celer
673 1724 880 1766 admissis
912 1724 1077 1766 labitur
1108 1725 1253 1767 amnis
1286 1727 1423 1779 aquis.

375 1800 489 1841 Aera
518 1801 667 1842 nitent
697 1814 794 1850 usu,
828 1801 962 1842 vestis
994 1801 1111 1842 bona
1143 1802 1298 1854 quaerit
1328 1801 1493 1851 haberi,

436 1874 687 1916 Canescunt
719 1876 838 1929 turpi
871 1878 986 1917 tecta
1016 1877 1170 1918 relicta
1204 1878 1318 1919 situ:
1568 1920 1570 1923 ,

375 1951 548 2001 Forma,
583 1952 673 1992 nisi
704 1951 927 2002 admittas,
959 1952 1084 1994 nullo
1117 1955 1344 1994 exercente
1377 1953 1582 2002 senescit,
1630 2006 1634 2008 q

434 2029 520 2070 Nec
554 2029 662 2069 satis
696 2028 874 2070 effectus
907 2042 1022 2070 unus
1057 2032 1099 2070 et
1132 2030 1243 2071 alter
1275 2030 1452 2072 habent.

316 2124 352 2147 55
377 2105 547 2146 Certior
578 2118 601 2146 e
633 2105 789 2146 multis
822 2118 903 2146 nec
935 2106 1026 2147 iam
1058 2107 1280 2148 invidiosa
1311 2108 1535 2161 rapinast:

434 2181 571 2222 Plena
602 2182 724 2222 venit
755 2182 877 2223 canis
910 2182 962 2223 de
995 2196 1124 2235 grege
1156 2183 1303 2236 praeda
1332 2184 1463 2238 lupis.

376 2258 499 2306 Ecce,
536 2258 640 2311 quid
671 2259 755 2300 iste
787 2260 890 2299 tuus
922 2261 1080 2312 praeter
1110 2273 1225 2301 nova
1256 2262 1452 2302 carmina
1482 2265 1611 2303 vates.

439 2335 617 2376 Donat?
652 2337 861 2378 amatoris
894 2337 1020 2378 milia
1051 2338 1195 2378 multa
1225 2339 1351 2380 feres.

376 2414 476 2466 Ipse
510 2413 615 2454 deus
647 2415 798 2454 vatum
829 2413 948 2466 palla
982 2414 1234 2467 spectabilis
1267 2428 1400 2456 aurea

317 2508 356 2532 ⁶0
438 2489 611 2529 Tractat
641 2488 855 2529 inauratae
888 2502 1084 2531 consona
1115 2489 1190 2531 fila
1221 2491 1336 2544 lyrae.

381 2563 466 2613 Qui
498 2563 630 2612 dabit,
665 2564 739 2604 ille
772 2563 853 2604 tibi
884 2578 1046 2618 magno
1079 2566 1137 2606 sit
1168 2567 1311 2607 maior
1340 2565 1536 2608 Homero
1556 2583 1571 2610 ι
1630 2607 1632 2618 1

439 2638 574 2681 Crede
606 2641 729 2690 mihi,
765 2654 833 2682 res
857 2644 927 2694 est·
954 2641 1186 2694 ingeniosa
1218 2642 1331 2684 dare.
