1786 3034
277 141 318 175 18
834 157 1014 185 AMoRUM
1044 158 1073 186 Ι.
1101 155 1195 186 6-7,

393 273 439 316 Si
470 275 576 315 satis
610 288 655 315 es
687 276 836 327 raptae,
869 274 1022 323 Borea,
1057 288 1227 315 memor
1259 275 1480 330 Orithyiae,

449 351 548 392 Huc
581 351 683 392 ades
716 354 759 392 et
792 350 945 391 surdas
976 351 1155 391 flamine
1187 351 1323 393 tunde
1365 353 1496 394 foris!

331 446 367 470 55
393 428 507 470 Urbe
542 428 673 469 silent
705 431 810 477 tota,
844 428 1069 482 vitreoque
1102 429 1326 470 madentia
1357 444 1454 471 rore

452 505 665 558 Tempora
696 505 838 545 noctis
872 508 1000 554 eunt;
1037 508 1187 546 excute
1218 508 1345 559 poste
1373 508 1542 549 seram!
1594 502 1599 507 ⁴

391 580 478 622 Aut
510 594 589 633 ego
621 581 711 621 iam
743 582 944 635 ferroque
976 582 1169 636 ignique,
1206 596 1230 623 o
1262 583 1437 632 ianitor,
1471 584 1580 637 ipso,

453 657 590 707 Quem
624 659 718 698 face
753 659 962 707 sustineo,
996 660 1113 700 tecta
1146 660 1334 712 superba
1363 661 1526 714 petam.

391 732 485 772 Nox
517 736 560 773 et
590 733 726 774 Amor
756 734 995 787 vinumque
1027 735 1143 775 nihil
1173 735 1443 776 moderabile
1475 735 1687 778 suadent:

332 826 369 849 eo
451 807 535 849 Illa
566 808 732 861 pudore
764 812 901 858 vacat,
936 810 1068 850 Liber
1099 811 1318 864 Amorque
1350 813 1484 852 metu.

393 883 553 926 Omnia
586 887 852 938 consumpsi,
887 900 969 927 nec
1000 889 1043 927 te
1074 886 1364 941 precibusque
1396 888 1617 942 minisque

451 961 682 1011 Movimus,
719 977 742 1003 o
776 963 943 1003 foribus
978 963 1127 1003 durior
1158 964 1252 1017 ipse
1283 965 1400 1006 tuis:

390 1037 489 1078 Non
522 1040 564 1078 te
597 1039 799 1079 formosae
834 1039 977 1079 decuit
1011 1053 1180 1080 servare
1211 1041 1371 1093 puellae

451 1113 641 1163 Limina,
678 1115 867 1156 sollicito
901 1130 1071 1157 carcere
1099 1117 1258 1170 dignus
1291 1132 1411 1167 eras;

331 1208 368 1230 65
391 1190 570 1244 Iamque
602 1193 838 1245 pruinosos
870 1194 1051 1234 molitur
1081 1194 1257 1235 Lucifer
1289 1209 1401 1244 axes,

449 1265 587 1320 Inque
622 1281 749 1308 suum
782 1269 965 1310 miseros
1000 1270 1157 1311 excitat
1189 1271 1279 1311 ales
1313 1285 1436 1325 opus.

390 1343 446 1384 At
477 1347 537 1393 tu,
572 1358 662 1385 non
695 1346 808 1386 laetis
842 1346 1035 1387 detracta
1068 1361 1229 1388 corona
1261 1348 1445 1402 capillis,

450 1421 570 1462 Dura
603 1436 734 1475 super
764 1425 856 1464 tota
887 1424 1044 1465 limina
1076 1427 1204 1466 nocte
1237 1425 1355 1466 iace:

392 1497 455 1537 Tu
487 1497 688 1548 dominae,
726 1499 824 1539 cum
857 1503 899 1540 te
931 1501 1172 1553 proiectam
1203 1515 1333 1543 mane
1365 1502 1541 1550 videbit,

330 1591 368 1615 70
450 1573 677 1627 Temporis
710 1576 934 1629 absumpti
965 1580 1058 1618 tam
1088 1577 1205 1618 male
1237 1579 1363 1620 testis
1395 1579 1494 1620 eris.
1534 1572 1537 1574 ’

391 1648 732 1705 Qualiscumque
764 1654 860 1695 vale
894 1655 1096 1707 sentique
1129 1654 1332 1697 abeuntis
1363 1656 1602 1706 honorem;

448 1725 589 1767 Lente
621 1741 702 1767 nec
736 1727 928 1769 admisso
962 1730 1105 1782 turpis
1138 1732 1329 1780 amante,
1362 1730 1486 1771 vale!

389 1799 479 1841 Vos
513 1814 698 1854 quoque,
734 1803 930 1844 crudeles
963 1803 1104 1856 rigido
1137 1818 1236 1844 cum
1269 1805 1424 1846 limine
1455 1808 1605 1858 postes

449 1878 655 1932 Duraque
690 1893 909 1921 conservae
941 1881 1075 1933 ligna,
1111 1883 1266 1931 valete,
1301 1884 1447 1924 fores!

966 2071 1058 2111 VH.

389 2186 510 2227 Adde
542 2200 702 2228 manus
735 2188 783 2228 in
814 2189 960 2229 vincla
991 2202 1114 2230 meas
1147 2191 1359 2240 (meruere
1392 2193 1596 2242 catenas),

447 2264 563 2305 Dum
597 2265 719 2305 furor
752 2266 897 2306 omnis
930 2265 1033 2315 abit,
1070 2266 1207 2319 siquis
1239 2267 1407 2308 amicus
1439 2260 1570 2308 ades!

388 2339 499 2380 Nam
532 2340 653 2380 furor
684 2340 731 2380 in
764 2340 992 2382 dominam
1023 2343 1260 2383 temeraria
1292 2342 1496 2383 bracchia
1526 2343 1691 2384 movit:

446 2415 545 2456 Flet
575 2428 674 2456 mea
706 2429 880 2457 vaesana
911 2416 1017 2458 laesa
1049 2418 1200 2470 puella
1230 2431 1379 2459 manu.

349 2507 367 2531 5
393 2488 511 2529 Tunc
546 2502 624 2542 ego
657 2490 727 2531 vel
760 2504 882 2532 caros
914 2492 1042 2544 potui
1074 2493 1239 2533 violare
1271 2496 1478 2546 parentes

448 2563 570 2606 Saeva
601 2566 671 2606 vel
702 2566 749 2606 in
784 2569 959 2607 sanctos
993 2567 1174 2609 verbera
1206 2568 1317 2609 ferre
1349 2568 1466 2610 deos.

389 2641 535 2692 Quid?
566 2656 657 2683 non
691 2646 733 2684 et
766 2644 894 2697 clipei
929 2644 1134 2686 dominus
1168 2646 1465 2699 septemplicis
1496 2647 1606 2687 Aiax
