1786 3034
24 22 45 62 ιζ·-
103 40 115 44 »ὴ

579 162 762 192 monum
785 163 850 192 111.
882 162 914 192 1.
1455 148 1502 182 65

115 283 308 339 Tempus
341 286 448 333 erat,
482 282 637 336 thyrso
669 281 852 336 pulsum
885 282 1086 335 graviore
1118 282 1315 332 moveri;

175 359 408 404 Cessatum
439 362 548 404 satis
582 368 670 403 est:
703 361 850 415 incipe
883 360 1028 402 maius
1062 361 1199 414 opus!

115 424 306 480 Materia
335 438 502 492 premis
533 438 794 492 ingenium;
828 451 937 479 cane
970 438 1087 479 facta
1117 438 1340 481 virorum:
1464 460 1501 483 25

180 515 312 558 «Haec
344 516 521 558 animo»
559 516 679 558 dices
717 530 846 557 «area
877 517 994 557 facta
1026 518 1212 558 meost.»

116 591 245 644 Quod
275 596 439 636 tenerae
473 597 666 644 cantent,
702 593 811 635 lusit
843 596 922 634 tua
953 593 1095 642 Musa,
1130 593 1305 647 puellae,

172 669 408 725 Primaque
439 684 521 724 per
551 683 763 711 numeros
798 674 895 712 acta
927 671 1110 712 iuventa
1142 684 1275 721 suos;

88 747 242 799 ‚Nunc
273 747 463 790 habeam
494 761 575 802 per
604 751 648 790 te
678 747 883 790 Romana
915 749 1143 803 Tragoedia
1175 752 1367 793 nomen!

172 824 370 880 Inplebit
399 825 522 880 leges
554 826 739 880 spiritus
771 826 855 867 iste
888 839 1051 868 meas.»
1463 849 1502 873 30

113 903 356 954 Hactenus,
392 906 436 945 et
466 904 607 946 movit
637 904 769 958 pictis
801 903 955 945 innixa
987 905 1219 946 cothurnis

173 979 377 1023 Densum
409 982 588 1023 caesarie
620 984 776 1036 terque
811 984 1054 1036 quaterque
1087 985 1232 1036 caput.

114 1058 277 1109 Altera,
313 1059 350 1101 si
381 1059 581 1109 memini,
615 1060 736 1102 limis
771 1060 955 1102 subrisit
988 1061 1165 1111 ocellis;

175 1136 352 1188 (Fallor,
388 1151 446 1179 an
477 1138 526 1179 in
559 1138 710 1180 dextra
741 1141 914 1192 myrtea
944 1139 1070 1193 virga
1101 1139 1187 1181 fuit
1200 1141 1233 1191 P)

121 1214 263 1268 «Quid
293 1215 502 1270 gravibus
534 1217 693 1266 verbis,
730 1217 935 1259 animosa
967 1217 1240 1271 Tragoedia»,
1276 1217 1386 1260 dixit
1462 1238 1501 1262 35

181 1292 277 1335 «Me
298 1294 499 1348 premis?
520 1308 578 1336 an
600 1308 845 1348 numquam
867 1309 960 1337 non
983 1296 1128 1349 gravis
1153 1309 1247 1338 esse
1269 1298 1432 1350 potes?

114 1369 350 1426 Inparibus
382 1375 534 1414 tamen
567 1386 614 1414 es
645 1372 845 1414 numeris
878 1373 1062 1427 dignata
1093 1374 1287 1414 moveri:

173 1448 229 1490 In
260 1462 330 1491 me
363 1451 574 1504 pugnasti
606 1450 806 1492 versibus
838 1465 921 1492 usa
953 1452 1077 1493 meis.

115 1525 215 1567 Non
241 1539 323 1580 ego
356 1527 626 1568 contulerim
659 1527 870 1569 sublimia
903 1529 1103 1570 carmina
1135 1530 1328 1571 nostris:

179 1602 337 1646 Obruit
370 1604 550 1658 exiguas
581 1606 704 1658 regia
734 1609 883 1647 vestra
915 1607 1045 1648 fores.
1463 1629 1502 1652 ιο

121 1678 229 1722 Sum
259 1680 384 1732 levis,
419 1683 463 1723 et
493 1695 670 1724 mecum
701 1682 812 1724 levis
846 1685 923 1732 est,
958 1697 1059 1724 mea
1091 1697 1205 1734 cura,
1242 1683 1442 1739 Cupido:

177 1758 278 1802 Non
309 1772 410 1801 sum
441 1760 631 1802 materia
662 1761 821 1802 fortior
852 1761 950 1815 ipsa
982 1775 1082 1803 mea
1099 1777 1108 1811 ;

117 1834 300 1878 Rustica
333 1835 393 1878 sit
425 1836 521 1879 sine
554 1850 627 1879 me
658 1837 813 1879 lascivi
844 1841 988 1880 mater
1018 1838 1220 1881 Amoris:

178 1912 295 1956 Huic
327 1927 408 1968 ego
441 1916 629 1969 proveni
660 1916 765 1957 lena
798 1929 1033 1970 comesque
1066 1915 1182 1967 deae;

120 1988 264 2041 Quam
295 1993 346 2033 tu
376 2005 469 2033 non
500 1993 668 2046 poteris
700 1991 809 2034 duro
843 2007 1038 2035 reserare
1072 1994 1304 2041 cothurno,
1464 2017 1501 2040 45

177 2067 284 2110 Haec
302 2071 385 2111 est
415 2069 648 2112 blanditiis
680 2070 818 2112 ianua
848 2072 948 2113 laxa
980 2073 1117 2122 meis;

117 2146 176 2188 Et
205 2149 358 2190 tamen
390 2150 558 2190 emerui
590 2150 705 2204 plus,
741 2164 875 2205 quam
907 2154 968 2200 tu,
1004 2164 1134 2205 posse
1169 2152 1350 2193 ferendo

178 2223 323 2267 Multa
355 2227 593 2280 supercilio
626 2241 719 2269 non
751 2228 964 2283 patienda
996 2232 1087 2270 tuo.

118 2300 202 2342 Per
231 2315 303 2344 me
335 2302 519 2358 decepto
553 2302 708 2346 didicit
742 2306 925 2347 custode
959 2305 1154 2348 Corinna
1347 2351 1357 2363 .

178 2379 371 2422 Liminis
405 2380 602 2423 adstricti
636 2383 875 2424 sollicitare
907 2382 1038 2424 fidem
1463 2405 1501 2429 50

119 2455 363 2511 Delabique
396 2460 494 2500 toro
527 2459 680 2500 tunica
710 2460 856 2501 velata
889 2460 1036 2502 soluta

178 2533 323 2588 Atque
354 2534 636 2588 inpercussos
669 2539 798 2578 nocte
830 2551 1008 2579 movere
1041 2537 1189 2592 pedes.

119 2609 201 2652 Vel
233 2612 441 2666 quotiens
473 2614 642 2656 foribus
675 2614 797 2657 duris
830 2616 974 2658 incisa
1006 2616 1209 2670 pependi,

178 2688 279 2730 Non
310 2691 450 2732 verita
484 2704 510 2732 a
542 2692 707 2746 populo
740 2696 1034 2747 praetereunte
1067 2695 1180 2747 legi;

71 2769 252 2805 Ne'methy:
271 2773 306 2800 P.
329 2771 434 2801 ovidii
453 2774 599 2802 Nasonis
618 2775 766 2803 Amores.
1335 2778 1357 2810 ἶ)
