1786 3034
271 122 313 155 16
846 137 1023 165 A-MORUM
1049 135 1174 166 1.5—6.

444 254 496 295 In
528 257 621 296 toto
654 267 871 307 nusquam
905 267 1084 307 corpore
1118 253 1280 301 menda
1312 255 1409 296 fuit.
1479 279 1483 283 ·

387 331 504 381 Quos
536 344 723 379 umeros,
759 331 909 384 quales
942 330 1032 371 vidi
1063 331 1274 384 tetigique
1307 331 1519 372 lacertos!

325 426 362 449 σεο
443 407 603 447 Forma
634 407 901 460 papillarum
935 420 1066 460 quam
1099 407 1184 448 fuit
1215 409 1318 460 apta
1347 407 1515 460 premi!

386 482 527 533 Quam
560 483 773 535 castigato
805 483 967 535 planus
1003 483 1082 524 sub
1113 485 1288 536 pectore
1320 483 1495 525 venter!

443 559 665 610 Quantum
699 562 740 600 et
773 560 900 613 quale
934 560 1076 601 latus!
1113 573 1243 613 quam
1273 560 1478 601 iuvenale
1509 560 1676 602 femur!

383 635 565 689 Singula
597 635 701 689 quid
732 637 952 676 referam?
987 636 1053 676 nil
1084 649 1174 677 non
1207 635 1428 677 laudabile
1459 635 1550 676 vidi

438 712 492 752 Et
523 712 690 753 nudam
720 713 862 765 pressi
896 726 1052 765 corpus
1087 712 1142 752 ad
1172 725 1310 765 usque
1342 724 1502 752 meum.

319 807 356 830 ες,
381 786 533 830 Cetera
565 790 662 842 quis
695 789 868 830 nescit?
898 789 1004 829 lassi
1037 788 1331 841 requievimus
1363 787 1505 830 ambo.

440 865 705 906 Proveniant
738 864 872 905 medii
907 866 967 906 sic
1000 864 1109 905 mihi
1145 878 1257 918 saepe
1291 865 1409 906 dies!

967 1053 1038 1094 vi.

377 1169 557 1219 Ianitor,
592 1170 835 1223 indignum,
873 1171 980 1212 dura
1011 1171 1191 1223 religate
1235 1173 1400 1218 eatena,

435 1246 671 1288 Difficilem
703 1250 823 1288 moto
851 1246 1028 1288 cardine
1060 1246 1204 1300 pande
1236 1247 1400 1287 forem!

381 1323 507 1374 Quod
536 1337 701 1377 precor,
739 1324 1010 1377 exiguumst:
1044 1322 1167 1364 aditu
1198 1323 1266 1364 fac
1297 1323 1432 1364 ianua
1462 1335 1596 1376 parvo

436 1400 672 1454 Obliquum
705 1401 848 1454 capiat
882 1399 1205 1453 semiadaperta
1237 1399 1378 1440 latus!

334 1496 352 1519 5
375 1476 554 1529 Longus
587 1490 711 1518 amor
740 1477 852 1517 tales
885 1490 1041 1529 corpus
1073 1475 1274 1517 tenuavit
1304 1475 1352 1515 in
1383 1487 1490 1516 usus

432 1553 630 1607 Aptaque
664 1553 876 1594 subducto
911 1566 1090 1606 corpore
1123 1552 1320 1594 membra
1351 1550 1492 1600 dedit3

373 1628 453 1668 Ille
485 1642 563 1681 per
595 1629 797 1670 excubias
831 1627 1061 1669 custodum
1094 1628 1254 1669 leniter
1284 1628 1346 1668 ire

432 1706 661 1755 Monstrat,
696 1705 938 1747 inoffensos
972 1705 1124 1758 dirigit
1155 1705 1231 1745 ille
1262 1703 1407 1757 pedes.

372 1781 427 1821 At
460 1781 681 1834 quondam
713 1783 891 1822 noctem
925 1781 1246 1834 simulacraque
1277 1793 1391 1820 vana
1418 1778 1649 1828 timebam3

311 1877 349 1900 ιο
431 1858 634 1906 Mirabar,
668 1858 863 1899 tenebris
897 1858 1096 1911 quisquis
1128 1858 1270 1898 iturus
1302 1859 1418 1898 erat:

373 1934 499 1982 Risit,
527 1936 575 1974 ut
609 1933 817 1982 audirem,
853 1936 1006 1974 tenera
1038 1946 1137 1974 oum
1169 1935 1309 1973 matre
1338 1930 1510 1985 Cupido

429 2011 485 2051 Et
517 2011 674 2051 leviter
712 2010 811 2072 qfies
844 2013 893 2050 tu
925 2023 1096 2063 quoque
1135 2010 1284 2050 fortis»
1323 2009 1396 2050 ait.

369 2086 456 2126 Nee
487 2100 621 2135 mora,
656 2086 777 2127 venit
810 2099 958 2127 amor:
991 2099 1083 2126 non
1115 2085 1292 2125 umbras
1323 2087 1453 2125 nocte
1475 2084 1676 2134 volantis,

429 2162 526 2202 Non
556 2162 692 2202 timeo
727 2162 900 2203 strictas
933 2162 980 2201 in
1012 2174 1111 2201 mea
1144 2161 1234 2200 fata
1264 2173 1446 2209 manus;

310 2256 346 2279 15
370 2237 426 2277 Te
459 2237 646 2278 nimium
679 2231 849 2278 lentum
881 2237 1029 2285 timeo,
1062 2235 1145 2277 tibi
1177 2234 1383 2280 blandior
1411 2235 1516 2276 uni:

428 2314 501 2363 Tu,
535 2328 605 2355 me
638 2327 723 2367 quo
756 2314 913 2368 possis*
933 2313 1126 2367 perdere,
1163 2313 1333 2353 fulmen
1364 2300 1541 2358 habes„

367 2389 564 2443 Adspice,
599 2390 679 2440 (uti
710 2389 870 2439 videas,
905 2389 1082 2430 inmitia
1114 2389 1304 2429 claustra
1334 2388 1480 2428 relaxa
1498 2389 1523 2439 Σ)

427 2465 522 2506 Uda
554 2466 610 2506 sit
642 2468 690 2506 ut
717 2466 912 2506 lacrimis
944 2466 1079 2506 ianua
1111 2466 1225 2506 facta
1255 2464 1391 2506 meis!

367 2540 491 2581 Certe
524 2555 616 2594 ego,
651 2555 750 2583 oum
782 2543 928 2595 posita
962 2545 1099 2582 stares
1132 2542 1185 2582 ad
1211 2541 1391 2582 verbera
1421 2543 1552 2589 veste,

305 2637 343 2661 20
425 2617 490 2658 Ad
523 2618 747 2659 dominam
779 2633 859 2672 pro
891 2622 933 2660 te
966 2620 1097 2660 verba
1128 2622 1342 2660 tremente
1373 2618 1480 2668 tuli;
1557 2649 1558 2652 η
