1786 3034
591 134 770 164 AMoRUM
795 136 860 164 111.
890 134 923 164 8.
1467 124 1509 158 81

118 251 291 307 Ptoque
323 251 443 294 bono
475 265 608 294 versu
638 252 833 306 primum
866 252 1069 295 deducite
1101 254 1271 308 pilum!

177 328 277 372 Hoc
309 328 404 380 tibi,
441 329 480 371 si
511 330 662 381 velles,
696 333 862 384 posset,
894 331 1103 380 Homere.
1140 331 1248 374 dari.

116 406 332 462 Iuppiter,
365 406 622 449 admonitus
655 408 772 449 nihil
806 421 902 450 esse
941 409 1168 462 potentius
1202 422 1324 459 auro,

176 481 406 540 Gorruptae
438 486 633 539 pretium
665 486 853 539 virginis
885 487 981 540 ipse
1015 486 1125 529 fuit:
1467 507 1506 531 ⁸0

115 560 235 602 Dum
265 575 436 604 merces
469 561 634 613 aberat,
669 562 808 604 durus
840 565 979 617 pater,
1014 563 1113 618 ipsa
1146 577 1309 614 severa,

173 639 326 681 Aerati
356 642 523 694 postes,
559 641 702 682 ferrea
732 640 870 682 turris
904 644 1023 691 erat;

116 714 203 758 Sed
231 719 470 772 postquam
502 718 682 772 sapiens
715 732 762 760 se
794 718 842 759 in
874 732 1061 760 munera
1092 719 1224 761 vertit
1257 719 1443 770 adulter,

173 794 368 837 Praebuit
396 795 497 849 ipsa
528 796 653 837 sinus
687 797 730 837 et
762 795 866 838 dare
899 796 1024 838 iussa
1058 796 1191 839 dedit.

113 873 170 914 At
200 885 303 915 cum
333 885 471 927 regna
503 886 638 915 senex
668 873 765 915 caeli
799 872 1018 916 Satssrnus
1052 873 1246 925 haberet,
1463 896 1500 919 35

173 949 317 995 Omne
348 951 522 994 lucrum
554 952 751 994 tenebris
784 953 877 994 alta
908 952 1138 1007 premebat
1170 953 1361 994 humus:

112 1029 313 1084 Aeraque
345 1032 390 1071 et
420 1034 654 1084 argentum
685 1044 873 1085 cumque
908 1045 1016 1072 auro
1048 1030 1247 1085 pondera
1280 1031 1385 1072 ferri

172 1105 382 1149 Manibus
414 1106 629 1159 admorat,
663 1109 876 1163 nullaque
909 1122 1059 1151 massa
1092 1109 1201 1158 fuit;

111 1184 168 1225 At
198 1184 386 1227 meliora
418 1184 576 1227 dabat:
609 1199 742 1228 curvo
776 1186 874 1227 sine
906 1199 1084 1228 vomere
1118 1187 1267 1239 fruges

171 1256 395 1316 Pomaque
429 1264 472 1303 et
502 1262 552 1304 in
584 1275 749 1316 quercu
779 1262 916 1304 mella
948 1266 1124 1317 reperta
1156 1277 1274 1305 cava.
1459 1283 1498 1307 ιο

112 1339 202 1381 Nec
232 1338 382 1382 valido
414 1339 652 1394 quisquam
683 1342 849 1382 terram
883 1340 1113 1382 scindebat
1146 1343 1308 1391 aratro,

175 1415 393 1472 Signabat
423 1417 552 1460 nullo
584 1417 727 1459 limite
758 1430 941 1459 mensor
971 1417 1171 1468 humum,

112 1495 215 1538 Non
246 1495 361 1538 freta
393 1495 586 1538 demisso
619 1495 854 1537 verrebant
886 1496 1012 1537 eruta
1042 1508 1190 1536 remo:

172 1573 343 1616 Ultima
372 1573 552 1615 mortali
584 1574 682 1614 tum
713 1573 786 1614 via
817 1572 925 1614 litus
959 1574 1063 1614 erat.

111 1649 278 1693 Contra
309 1653 352 1693 te
385 1651 555 1701 sollers,
590 1651 827 1693 hominum
860 1651 1032 1699 natura,
1068 1650 1194 1691 fuisti
1456 1671 1493 1694 45

169 1727 228 1770 Et
258 1729 451 1770 nimium
481 1727 658 1770 damnis
691 1727 927 1781 ingeniosa
960 1727 1076 1768 tuis:

112 1805 209 1857 Quo
239 1805 334 1856 tibi,
368 1805 541 1848 turritis
574 1805 800 1859 incingere
818 1804 1057 1846 'moenibus
1089 1805 1259 1846 urbes?

170 1881 267 1934 Quo
298 1883 393 1934 tibi,
428 1883 652 1925 discordes
685 1882 845 1924 addere
878 1883 926 1924 in
959 1896 1082 1924 arma
1113 1886 1308 1924 manus?

111 1959 228 2011 Quid
258 1961 341 2003 tibi
373 1974 476 2002 cum
506 1961 699 2015 pelago?
729 1964 847 2002 terra
880 1962 1090 2002 contenta
1123 1961 1313 2002 fuisses!

169 2038 258 2081 Cur
287 2052 381 2081 non
413 2042 456 2080 et
488 2039 656 2089 caelum,
691 2038 823 2080 tertia
854 2052 1003 2092 regna,
1037 2038 1187 2091 petis?
1456 2060 1495 2084 50

110 2116 207 2168 Qua
236 2116 352 2167 licet,
377 2116 571 2159 adfectas
593 2117 750 2158 caelum
783 2130 981 2171 quoque:
1015 2116 1182 2170 templa
1206 2115 1433 2169 Quirinus,

167 2194 302 2237 Liber
334 2197 378 2236 et
407 2194 583 2236 Alcides
617 2197 660 2236 et
691 2194 825 2236 modo
858 2193 1004 2236 Caesar
1037 2194 1217 2235 habent.

108 2272 318 2314 Eruimus
343 2275 462 2314 terra
494 2271 687 2314 solidum
719 2286 799 2326 pro
832 2271 1034 2325 frugibus
1068 2284 1252 2320 aurumg

166 2349 371 2392 Possidet
403 2350 610 2392 inventas
644 2350 863 2403 sanguine
896 2350 1026 2391 miles
1061 2362 1190 2403 opes3

99 2417 241 2471 ‘Ousia
270 2428 541 2484 pauperibus
574 2429 794 2478 clausast;
829 2428 905 2470 dat
937 2442 1095 2470 census
1130 2429 1347 2477 h0n01·es;
1453 2448 1489 2470 ἦε,

166 2506 276 2548 Inde
308 2506 453 2560 gravis
486 2505 628 2555 iudex,
663 2505 767 2548 inde
801 2520 980 2548 severus
1014 2519 1159 2560 eques.

108 2582 269 2626 Omnia
300 2583 582 2639 possideant3
618 2585 709 2626 illis
742 2582 1022 2638 Campusque
1056 2584 1289 2636 forumque.

167 2660 350 2712 Serviat,
384 2662 432 2703 hi
463 2675 619 2715 pacem
650 2661 871 2716 crudaque
905 2662 1022 2703 bella
1054 2664 1233 2715 gerant:

58 2744 239 2777 Nemeum.-
260 2745 293 2771 Ρ.
316 2742 422 2772 Ovidii
442 2745 587 2773 Nasonis
605 2744 754 2772 Amores.
1324 2743 1345 2775 6
