1786 3034
525 192 705 222 AMOBUM
730 193 778 220 11.
809 189 950 220 16—17.
1449 172 1494 206 59

108 315 336 368 Parvaque
368 311 700 367 quamprimum
732 308 1010 369 rapientibus
1044 306 1197 349 esseda
1231 306 1410 347 mannis

169 391 274 447 Ipsa
303 403 384 446 per
415 388 633 431 admissas
666 389 852 429 concute
884 385 982 427 lora
1013 384 1167 426 iubas!
1456 402 1495 426 50

109 470 168 512 At
196 482 290 520 vos,
324 481 410 523 qua
440 467 601 516 veniet,
636 465 811 515 tumidi,
846 463 1075 513 subsidite,
1111 464 1300 507 montes,

169 546 229 590 Et
259 547 412 589 faciles
445 544 591 587 curvis
622 543 815 586 vallibus
849 544 956 591 este,
991 541 1096 582 viae!

675 733 810 775 XVII.

113 855 263 913 Siquis
296 856 394 906 erit,
429 855 507 910 qui
537 857 667 908 turpe
701 855 829 907 putet
862 852 1026 893 servire
1059 850 1232 905 puellae,

171 935 258 978 Illo
289 933 529 976 convincar
561 931 703 973 iudice
736 931 880 984 turpis
914 942 1020 983 ego;

114 1013 208 1056 Sim
237 1012 342 1054 licet
373 1010 568 1059 infamis,
604 1009 711 1050 dum
743 1022 815 1050 me
847 1006 1125 1049 moderatius
1158 1009 1268 1055 urat,

174 1091 280 1144 Quae
310 1089 497 1144 Paphon
530 1090 574 1131 et
605 1087 744 1129 fluctu
775 1086 907 1141 pulsa
939 1084 1133 1140 Cythera
1165 1087 1303 1147 tenet.

64 1186 68 1191 ·
112 1169 256 1224 Atque
277 1168 455 1210 utinam
477 1166 668 1208 dominae
691 1165 791 1206 miti
814 1177 988 1218 quoque
1015 1162 1165 1217 praeda
1188 1162 1385 1211 fuissem,

173 1245 399 1288 Formosae
433 1245 646 1300 quoniam
677 1243 826 1298 praeda
859 1243 1035 1283 futurus
1068 1242 1209 1282 eram!

113 1324 204 1366 Dat
234 1323 371 1366 facies
403 1323 608 1364 animos:
642 1321 752 1363 facie
786 1320 986 1362 violenta
1019 1317 1282 1366 Corinnast;

173 1399 247 1443 Me
278 1400 516 1443 miserum!
551 1412 628 1440 cur
664 1401 732 1440 est
763 1401 857 1439 tam
889 1397 1004 1439 bene
1036 1398 1146 1437 nota
1180 1395 1297 1436 sibi?

116 1477 294 1521 Scilicet
326 1492 352 1520 a
384 1478 553 1533 speculi
585 1478 826 1519 sumuntur
857 1474 1054 1528 imagine
1089 1475 1244 1522 fastus,

174 1556 263 1598 Nec
294 1556 384 1598 nisi
417 1555 698 1609 conpositam
731 1567 777 1595 se
810 1552 934 1607 prius
968 1550 1046 1593 illa
1078 1550 1212 1592 videt.
1462 1568 1499 1592 ιο

115 1633 227 1684 Non,
263 1633 345 1676 tibi
378 1634 414 1675 si
449 1633 583 1678 facies
615 1631 807 1673 nimium
842 1629 918 1671 dat
949 1629 998 1670 in
1032 1628 1184 1670 omnia
1216 1627 1356 1679 regni,

176 1710 229 1763 (O
260 1711 397 1752 facies
431 1710 584 1752 oculos
616 1711 724 1751 nata
755 1710 908 1749 tenere
941 1706 1104 1752 meosl)

117 1787 341 1831 Collatum
372 1787 537 1830 idcirco
570 1787 654 1829 tibi
684 1801 755 1828 me
790 1788 1077 1827 contemnere
1110 1783 1268 1824 debes:

174 1867 330 1921 Aptari
362 1866 539 1920 magnis
571 1865 786 1907 inferiora
817 1863 933 1905 licet.

117 1943 324 1987 Traditur
356 1946 400 1986 et
429 1944 630 1998 nymphe
662 1942 866 1985 mortalis
900 1955 1051 1983 amore
1085 1940 1274 1993 Calypso
1467 1958 1502 1980 15

178 2021 317 2077 Capta
348 2024 628 2064 recusantem
661 2020 908 2062 detinuisse
940 2020 1110 2068 virum3

118 2097 324 2142 Creditur
354 2112 605 2154 aequoream
637 2098 803 2140 Phthio
836 2095 1025 2138 Nereida
1059 2095 1163 2149 regi,

177 2176 386 2231 Egeriam
415 2177 534 2219 iusto
567 2175 858 2218 concubuisse
892 2175 1059 2224 Numae,

118 2255 318 2298 Vulcano
349 2254 584 2304 Venerem,
621 2253 826 2308 quamvis
859 2251 1018 2293 incude
1052 2251 1205 2292 relicta

178 2331 383 2387 Turpiter
414 2331 594 2386 obliquo
628 2331 846 2372 claudicet
877 2329 954 2371 ille
986 2328 1110 2382 pede.
1467 2346 1504 2369 ἑο

68 2456 72 2461 .
120 2408 340 2452 Carminis
372 2410 458 2451 hoc
488 2409 637 2463 ipsum
668 2421 808 2463 genus
840 2407 983 2461 inpar,
1009 2405 1085 2448 sed
1118 2409 1269 2446 tamen
1304 2407 1403 2458 apte

178 2486 386 2541 Iungitur
417 2486 580 2528 herous
613 2499 715 2527 cum
746 2486 946 2527 breviore
979 2483 1125 2526 modo.

121 2557 197 2606 'I'u'
208 2577 380 2619 quoque
402 2577 487 2615 me,
511 2577 611 2606 mea
631 2564 719 2613 luiz,
744 2564 792 2605 in
815 2562 1036 2617 quaslibet
1059 2560 1205 2614 accipe
1227 2560 1372 2613 leges:

181 2641 239 2683 'I'e
271 2641 424 2684 deceat
455 2641 603 2683 medio
636 2641 734 2682 iura·
766 2640 940 2682 dedisse
973 2642 1084 2680 toro.

121 2718 222 2761 Non
254 2719 335 2761 tibi
369 2719 539 2761 crimen
571 2732 658 2769 ero,
694 2732 775 2760 nec
809 2731 894 2772 quo
927 2717 1075 2758 laetere
1109 2720 1305 2758 remoto:
