<?xml version="1.0" encoding="UTF-8"?>
<!DOCTYPE html PUBLIC "-//W3C//DTD XHTML 1.0 Transitional//EN"
    "http://www.w3.org/TR/xhtml1/DTD/xhtml1-transitional.dtd">
<html xmlns="http://www.w3.org/1999/xhtml" xml:lang="en" lang="en">
 <head>
  <title>
</title>
<meta http-equiv="Content-Type" content="text/html;charset=utf-8" />
  <meta name='ocr-system' content='tesseract 3.04.00' />
  <meta name='ocr-capabilities' content='ocr_page ocr_carea ocr_par ocr_line ocrx_word'/>
</head>
<body>
  <div class='ocr_page' id='page_1' title='image "amoresediditadno00oviduoft_0016.png"; bbox 0 0 1786 3034; ppageno 0'>
   <div class='ocr_carea' id='block_1_1' title="bbox 258 132 1174 178">
    <p class='ocr_par' dir='ltr' id='par_1_1' title="bbox 258 132 1174 178">
     <span class='ocr_line' id='line_1_1' title="bbox 258 132 1174 178; baseline 0.007 -6"><span class='ocrx_word' id='word_1_1' title='bbox 258 132 304 165; x_wconf 88' lang='lat'><strong>10</strong></span> <span class='ocrx_word' id='word_1_2' title='bbox 822 147 1000 176; x_wconf 78' lang='lat' dir='ltr'><strong>AMORUM</strong></span> <span class='ocrx_word' id='word_1_3' title='bbox 1026 148 1054 177; x_wconf 85' lang='lat'><strong>1.</strong></span> <span class='ocrx_word' id='word_1_4' title='bbox 1085 147 1174 178; x_wconf 72' lang='lat'>1-2.</span> 
     </span>
    </p>
   </div>
   <div class='ocr_carea' id='block_1_2' title="bbox 237 261 1621 1392">
    <p class='ocr_par' dir='ltr' id='par_1_2' title="bbox 237 261 1621 1392">
     <span class='ocr_line' id='line_1_2' title="bbox 374 261 1367 318; baseline 0.006 -16"><span class='ocrx_word' id='word_1_5' title='bbox 374 261 455 303; x_wconf 85' lang='lat' dir='ltr'><strong>Vix</strong></span> <span class='ocrx_word' id='word_1_6' title='bbox 486 263 619 303; x_wconf 88' lang='lat' dir='ltr'><strong>etiam</strong></span> <span class='ocrx_word' id='word_1_7' title='bbox 649 262 813 304; x_wconf 84' lang='lat' dir='ltr'><strong>Phoebo</strong></span> <span class='ocrx_word' id='word_1_8' title='bbox 846 264 935 304; x_wconf 88' lang='lat' dir='ltr'><strong>iam</strong></span> <span class='ocrx_word' id='word_1_9' title='bbox 967 265 1062 318; x_wconf 88' lang='lat' dir='ltr'><strong>lyra</strong></span> <span class='ocrx_word' id='word_1_10' title='bbox 1085 267 1182 307; x_wconf 87' lang='lat' dir='ltr'><strong>tuta</strong></span> <span class='ocrx_word' id='word_1_11' title='bbox 1215 269 1367 308; x_wconf 73' lang='lat' dir='ltr'><strong>suast?</strong></span> 
     </span>
     <span class='ocr_line' id='line_1_3' title="bbox 315 337 1475 396; baseline 0.006 -18"><span class='ocrx_word' id='word_1_12' title='bbox 315 337 425 379; x_wconf 87' lang='lat' dir='ltr'><strong>Cum</strong></span> <span class='ocrx_word' id='word_1_13' title='bbox 456 338 567 380; x_wconf 91' lang='lat' dir='ltr'><strong>bene</strong></span> <span class='ocrx_word' id='word_1_14' title='bbox 601 340 790 380; x_wconf 83' lang='lat' dir='ltr'><strong>surrexit</strong></span> <span class='ocrx_word' id='word_1_15' title='bbox 823 354 952 382; x_wconf 88' lang='lat' dir='ltr'><strong>versu</strong></span> <span class='ocrx_word' id='word_1_16' title='bbox 983 355 1098 382; x_wconf 87' lang='lat' dir='ltr'><strong>nova</strong></span> <span class='ocrx_word' id='word_1_17' title='bbox 1128 342 1292 395; x_wconf 79' lang='lat' dir='ltr'>pagina</span> <span class='ocrx_word' id='word_1_18' title='bbox 1321 344 1475 396; x_wconf 88' lang='lat' dir='ltr'><strong>primo,</strong></span> 
     </span>
     <span class='ocr_line' id='line_1_4' title="bbox 370 414 1318 469; baseline 0.006 -15"><span class='ocrx_word' id='word_1_19' title='bbox 370 414 582 456; x_wconf 74' lang='lat' dir='ltr'><strong>Attenuat</strong></span> <span class='ocrx_word' id='word_1_20' title='bbox 615 429 774 457; x_wconf 89' lang='lat' dir='ltr'><strong>nervos</strong></span> <span class='ocrx_word' id='word_1_21' title='bbox 805 418 1031 469; x_wconf 82' lang='lat' dir='ltr'><strong>proximus</strong></span> <span class='ocrx_word' id='word_1_22' title='bbox 1063 418 1138 459; x_wconf 89' lang='lat' dir='ltr'><strong>ille</strong></span> <span class='ocrx_word' id='word_1_23' title='bbox 1170 432 1318 469; x_wconf 88' lang='lat' dir='ltr'><strong>meos;</strong></span> 
     </span>
     <span class='ocr_line' id='line_1_5' title="bbox 312 492 1451 550; baseline 0.005 -18"><span class='ocrx_word' id='word_1_24' title='bbox 312 492 399 533; x_wconf 83' lang='lat' dir='ltr'><strong>Nee</strong></span> <span class='ocrx_word' id='word_1_25' title='bbox 430 492 542 534; x_wconf 92' lang='lat' dir='ltr'><strong>mihi</strong></span> <span class='ocrx_word' id='word_1_26' title='bbox 573 494 803 535; x_wconf 87' lang='lat' dir='ltr'><strong>materiast</strong></span> <span class='ocrx_word' id='word_1_27' title='bbox 834 495 1032 535; x_wconf 88' lang='lat' dir='ltr'><strong>numeris</strong></span> <span class='ocrx_word' id='word_1_28' title='bbox 1064 495 1304 537; x_wconf 89' lang='lat' dir='ltr'><strong>levioribus</strong></span> <span class='ocrx_word' id='word_1_29' title='bbox 1338 499 1451 550; x_wconf 82' lang='lat' dir='ltr'><strong>apta,</strong></span> 
     </span>
     <span class='ocr_line' id='line_1_6' title="bbox 248 569 1492 626; baseline 0.002 -16"><span class='ocrx_word' id='word_1_30' title='bbox 248 587 287 611; x_wconf 69' lang='lat'><strong>20</strong></span> <span class='ocrx_word' id='word_1_31' title='bbox 369 569 456 610; x_wconf 89' lang='lat' dir='ltr'><strong>Aut</strong></span> <span class='ocrx_word' id='word_1_32' title='bbox 486 583 596 622; x_wconf 89' lang='lat' dir='ltr'><strong>puer</strong></span> <span class='ocrx_word' id='word_1_33' title='bbox 628 572 702 611; x_wconf 83' lang='lat' dir='ltr'><strong>aut</strong></span> <span class='ocrx_word' id='word_1_34' title='bbox 733 570 889 624; x_wconf 86' lang='lat' dir='ltr'><strong>longas</strong></span> <span class='ocrx_word' id='word_1_35' title='bbox 921 574 1098 625; x_wconf 87' lang='lat' dir='ltr'><strong>compta</strong></span> <span class='ocrx_word' id='word_1_36' title='bbox 1127 573 1276 626; x_wconf 85' lang='lat' dir='ltr'><strong>puella</strong></span> <span class='ocrx_word' id='word_1_37' title='bbox 1306 586 1492 616; x_wconf 77' lang='lat' dir='ltr'><strong>comas.»</strong></span> 
     </span>
     <span class='ocr_line' id='line_1_7' title="bbox 311 644 1564 701; baseline 0.006 -16"><span class='ocrx_word' id='word_1_38' title='bbox 311 644 500 695; x_wconf 81' lang='lat' dir='ltr'><strong>Questus</strong></span> <span class='ocrx_word' id='word_1_39' title='bbox 533 659 665 696; x_wconf 85' lang='lat' dir='ltr'><strong>eram,</strong></span> <span class='ocrx_word' id='word_1_40' title='bbox 699 647 911 700; x_wconf 89' lang='lat' dir='ltr'><strong>pharetra</strong></span> <span class='ocrx_word' id='word_1_41' title='bbox 943 661 1041 689; x_wconf 91' lang='lat' dir='ltr'><strong>cum</strong></span> <span class='ocrx_word' id='word_1_42' title='bbox 1073 649 1278 701; x_wconf 88' lang='lat' dir='ltr'><strong>protinus</strong></span> <span class='ocrx_word' id='word_1_43' title='bbox 1309 650 1385 691; x_wconf 90' lang='lat' dir='ltr'><strong>ille</strong></span> <span class='ocrx_word' id='word_1_44' title='bbox 1418 651 1564 692; x_wconf 86' lang='lat' dir='ltr'><strong>soluta</strong></span> 
     </span>
     <span class='ocr_line' id='line_1_8' title="bbox 367 721 1318 776; baseline 0.006 -15"><span class='ocrx_word' id='word_1_45' title='bbox 367 721 496 774; x_wconf 81' lang='lat' dir='ltr'><strong>Legit</strong></span> <span class='ocrx_word' id='word_1_46' title='bbox 525 722 574 762; x_wconf 92' lang='lat' dir='ltr'><strong>in</strong></span> <span class='ocrx_word' id='word_1_47' title='bbox 607 722 788 763; x_wconf 84' lang='lat' dir='ltr'><strong>exitium</strong></span> <span class='ocrx_word' id='word_1_48' title='bbox 823 723 992 776; x_wconf 87' lang='lat' dir='ltr'><strong>spicula</strong></span> <span class='ocrx_word' id='word_1_49' title='bbox 1024 725 1139 766; x_wconf 87' lang='lat' dir='ltr'><strong>facta</strong></span> <span class='ocrx_word' id='word_1_50' title='bbox 1170 739 1318 767; x_wconf 91' lang='lat' dir='ltr'><strong>meum</strong></span> 
     </span>
     <span class='ocr_line' id='line_1_9' title="bbox 306 797 1374 853; baseline 0.006 -15"><span class='ocrx_word' id='word_1_51' title='bbox 306 797 581 853; x_wconf 81' lang='lat' dir='ltr'><strong>Lunavitque</strong></span> <span class='ocrx_word' id='word_1_52' title='bbox 615 813 731 852; x_wconf 89' lang='lat' dir='ltr'><strong>genu</strong></span> <span class='ocrx_word' id='word_1_53' title='bbox 764 801 994 842; x_wconf 78' lang='lat' dir='ltr'><strong>sinuosum</strong></span> <span class='ocrx_word' id='word_1_54' title='bbox 1027 803 1199 843; x_wconf 88' lang='lat' dir='ltr'><strong>fortiter</strong></span> <span class='ocrx_word' id='word_1_55' title='bbox 1230 816 1374 844; x_wconf 88' lang='lat' dir='ltr'><strong>arcum</strong></span> 
     </span>
     <span class='ocr_line' id='line_1_10' title="bbox 372 874 1617 934; baseline 0.002 -18"><span class='ocrx_word' id='word_1_56' title='bbox 372 874 547 926; x_wconf 82' lang='lat' dir='ltr'><strong>«Quod»</strong></span> <span class='ocrx_word' id='word_1_57' title='bbox 587 890 669 930; x_wconf 87' lang='lat' dir='ltr'><strong>que</strong></span> <span class='ocrx_word' id='word_1_58' title='bbox 708 891 876 927; x_wconf 87' lang='lat' dir='ltr'><strong>«canas,</strong></span> <span class='ocrx_word' id='word_1_59' title='bbox 912 881 1045 926; x_wconf 75' lang='lat' dir='ltr'><strong>vates,</strong></span> <span class='ocrx_word' id='word_1_60' title='bbox 1081 879 1250 932; x_wconf 82' lang='lat' dir='ltr'><strong>accipe»</strong></span> <span class='ocrx_word' id='word_1_61' title='bbox 1289 879 1397 921; x_wconf 82' lang='lat' dir='ltr'><strong>dixit</strong></span> <span class='ocrx_word' id='word_1_62' title='bbox 1433 882 1617 934; x_wconf 70' lang='lat' dir='ltr'><strong>«opus2»</strong></span> 
     </span>
     <span class='ocr_line' id='line_1_11' title="bbox 242 950 1498 1010; baseline 0.006 -19"><span class='ocrx_word' id='word_1_63' title='bbox 242 969 281 992; x_wconf 71' lang='lat'><strong>25</strong></span> <span class='ocrx_word' id='word_1_64' title='bbox 306 950 376 991; x_wconf 87' lang='lat' dir='ltr'><strong>Me</strong></span> <span class='ocrx_word' id='word_1_65' title='bbox 407 952 646 994; x_wconf 81' lang='lat' dir='ltr'><strong>miserum!</strong></span> <span class='ocrx_word' id='word_1_66' title='bbox 679 956 819 994; x_wconf 88' lang='lat' dir='ltr'><strong>certas</strong></span> <span class='ocrx_word' id='word_1_67' title='bbox 850 954 1006 996; x_wconf 87' lang='lat' dir='ltr'><strong>habuit</strong></span> <span class='ocrx_word' id='word_1_68' title='bbox 1037 969 1146 1008; x_wconf 87' lang='lat' dir='ltr'><strong>puer</strong></span> <span class='ocrx_word' id='word_1_69' title='bbox 1177 956 1252 996; x_wconf 87' lang='lat' dir='ltr'><strong>ille</strong></span> <span class='ocrx_word' id='word_1_70' title='bbox 1287 957 1498 1010; x_wconf 83' lang='lat' dir='ltr'><strong>sagittas:</strong></span> 
     </span>
     <span class='ocr_line' id='line_1_12' title="bbox 362 1027 1384 1084; baseline 0.004 -15"><span class='ocrx_word' id='word_1_71' title='bbox 362 1027 488 1078; x_wconf 87' lang='lat' dir='ltr'><strong>Uror,</strong></span> <span class='ocrx_word' id='word_1_72' title='bbox 524 1030 565 1069; x_wconf 87' lang='lat' dir='ltr'><strong>et</strong></span> <span class='ocrx_word' id='word_1_73' title='bbox 597 1029 645 1069; x_wconf 90' lang='lat' dir='ltr'><strong>in</strong></span> <span class='ocrx_word' id='word_1_74' title='bbox 677 1042 813 1070; x_wconf 87' lang='lat' dir='ltr'><strong>vacuo</strong></span> <span class='ocrx_word' id='word_1_75' title='bbox 845 1033 1020 1082; x_wconf 82' lang='lat' dir='ltr'><strong>pectore</strong></span> <span class='ocrx_word' id='word_1_76' title='bbox 1052 1034 1206 1084; x_wconf 83' lang='lat' dir='ltr'><strong>regnat</strong></span> <span class='ocrx_word' id='word_1_77' title='bbox 1236 1032 1384 1074; x_wconf 89' lang='lat' dir='ltr'><strong>Amor.</strong></span> 
     </span>
     <span class='ocr_line' id='line_1_13' title="bbox 305 1101 1621 1162; baseline 0.006 -19"><span class='ocrx_word' id='word_1_78' title='bbox 305 1101 386 1143; x_wconf 79' lang='lat' dir='ltr'><strong>Sex</strong></span> <span class='ocrx_word' id='word_1_79' title='bbox 417 1104 529 1145; x_wconf 89' lang='lat' dir='ltr'><strong>mihi</strong></span> <span class='ocrx_word' id='word_1_80' title='bbox 562 1108 710 1158; x_wconf 85' lang='lat' dir='ltr'><strong>surgat</strong></span> <span class='ocrx_word' id='word_1_81' title='bbox 744 1118 853 1158; x_wconf 90' lang='lat' dir='ltr'><strong>opus</strong></span> <span class='ocrx_word' id='word_1_82' title='bbox 886 1107 1095 1156; x_wconf 87' lang='lat' dir='ltr'><strong>numeris,</strong></span> <span class='ocrx_word' id='word_1_83' title='bbox 1130 1107 1178 1148; x_wconf 89' lang='lat' dir='ltr'><strong>in</strong></span> <span class='ocrx_word' id='word_1_84' title='bbox 1211 1108 1403 1162; x_wconf 88' lang='lat' dir='ltr'><strong>quinque</strong></span> <span class='ocrx_word' id='word_1_85' title='bbox 1434 1109 1621 1151; x_wconf 84' lang='lat' dir='ltr'><strong>residat:</strong></span> 
     </span>
     <span class='ocr_line' id='line_1_14' title="bbox 360 1181 1358 1229; baseline 0.007 -8"><span class='ocrx_word' id='word_1_86' title='bbox 360 1181 520 1222; x_wconf 83' lang='lat' dir='ltr'><strong>Ferrea</strong></span> <span class='ocrx_word' id='word_1_87' title='bbox 553 1196 651 1223; x_wconf 90' lang='lat' dir='ltr'><strong>cum</strong></span> <span class='ocrx_word' id='word_1_88' title='bbox 684 1184 841 1224; x_wconf 84' lang='lat' dir='ltr'><strong>vestris</strong></span> <span class='ocrx_word' id='word_1_89' title='bbox 868 1183 984 1224; x_wconf 88' lang='lat' dir='ltr'><strong>bella</strong></span> <span class='ocrx_word' id='word_1_90' title='bbox 1015 1186 1156 1226; x_wconf 87' lang='lat' dir='ltr'><strong>valete</strong></span> <span class='ocrx_word' id='word_1_91' title='bbox 1189 1186 1358 1229; x_wconf 87' lang='lat' dir='ltr'><strong>modis!</strong></span> 
     </span>
     <span class='ocr_line' id='line_1_15' title="bbox 303 1255 1334 1316; baseline 0.008 -19"><span class='ocrx_word' id='word_1_92' title='bbox 303 1255 485 1310; x_wconf 85' lang='lat' dir='ltr'><strong>Cingere</strong></span> <span class='ocrx_word' id='word_1_93' title='bbox 517 1259 675 1300; x_wconf 89' lang='lat' dir='ltr'><strong>litorea</strong></span> <span class='ocrx_word' id='word_1_94' title='bbox 706 1259 916 1302; x_wconf 88' lang='lat' dir='ltr'><strong>flaventia</strong></span> <span class='ocrx_word' id='word_1_95' title='bbox 946 1264 1147 1315; x_wconf 87' lang='lat' dir='ltr'><strong>tempora</strong></span> <span class='ocrx_word' id='word_1_96' title='bbox 1177 1266 1334 1316; x_wconf 87' lang='lat' dir='ltr'><strong>myrto,</strong></span> 
     </span>
     <span class='ocr_line' id='line_1_16' title="bbox 237 1333 1367 1392; baseline 0.007 -18"><span class='ocrx_word' id='word_1_97' title='bbox 237 1352 277 1375; x_wconf 67' lang='lat'><strong>30</strong></span> <span class='ocrx_word' id='word_1_98' title='bbox 359 1333 498 1384; x_wconf 91' lang='lat' dir='ltr'><strong>Musa,</strong></span> <span class='ocrx_word' id='word_1_99' title='bbox 532 1348 610 1387; x_wconf 91' lang='lat' dir='ltr'><strong>per</strong></span> <span class='ocrx_word' id='word_1_100' title='bbox 641 1336 844 1378; x_wconf 92' lang='lat' dir='ltr'><strong>undenos</strong></span> <span class='ocrx_word' id='word_1_101' title='bbox 881 1338 1176 1380; x_wconf 86' lang='lat' dir='ltr'><strong>emodulanda</strong></span> <span class='ocrx_word' id='word_1_102' title='bbox 1208 1341 1367 1392; x_wconf 81' lang='lat' dir='ltr'><strong>pedes!</strong></span> 
     </span>
    </p>
   </div>
   <div class='ocr_carea' id='block_1_3' title="bbox 957 1529 1013 1571">
    <p class='ocr_par' dir='ltr' id='par_1_3' title="bbox 957 1529 1013 1571">
     <span class='ocr_line' id='line_1_17' title="bbox 957 1529 1013 1571; baseline 0.036 -2"><span class='ocrx_word' id='word_1_103' title='bbox 957 1529 1013 1571; x_wconf 89' lang='lat' dir='ltr'><strong>II.</strong></span> 
     </span>
    </p>
   </div>
   <div class='ocr_carea' id='block_1_4' title="bbox 226 1641 1657 2694">
    <p class='ocr_par' dir='ltr' id='par_1_4' title="bbox 226 1641 1657 2694">
     <span class='ocr_line' id='line_1_18' title="bbox 295 1641 1633 1699; baseline 0.007 -17"><span class='ocrx_word' id='word_1_104' title='bbox 295 1641 403 1682; x_wconf 85' lang='lat' dir='ltr'><strong>Esse</strong></span> <span class='ocrx_word' id='word_1_105' title='bbox 436 1643 539 1695; x_wconf 91' lang='lat' dir='ltr'><strong>quid</strong></span> <span class='ocrx_word' id='word_1_106' title='bbox 571 1644 655 1684; x_wconf 91' lang='lat' dir='ltr'><strong>hoc</strong></span> <span class='ocrx_word' id='word_1_107' title='bbox 686 1643 840 1694; x_wconf 87' lang='lat' dir='ltr'><strong>dicam,</strong></span> <span class='ocrx_word' id='word_1_108' title='bbox 877 1645 992 1699; x_wconf 90' lang='lat' dir='ltr'><strong>quod</strong></span> <span class='ocrx_word' id='word_1_109' title='bbox 1023 1649 1115 1687; x_wconf 85' lang='lat' dir='ltr'><strong>tam</strong></span> <span class='ocrx_word' id='word_1_110' title='bbox 1146 1647 1257 1688; x_wconf 90' lang='lat' dir='ltr'><strong>mihi</strong></span> <span class='ocrx_word' id='word_1_111' title='bbox 1290 1648 1398 1690; x_wconf 88' lang='lat' dir='ltr'><strong>dura</strong></span> <span class='ocrx_word' id='word_1_112' title='bbox 1427 1648 1633 1691; x_wconf 85' lang='lat' dir='ltr'><strong>videntur</strong></span> 
     </span>
     <span class='ocr_line' id='line_1_19' title="bbox 357 1715 1464 1774; baseline 0.008 -17"><span class='ocrx_word' id='word_1_113' title='bbox 357 1715 514 1767; x_wconf 84' lang='lat' dir='ltr'><strong>Strata,</strong></span> <span class='ocrx_word' id='word_1_114' title='bbox 549 1732 690 1772; x_wconf 88' lang='lat' dir='ltr'><strong>neque</strong></span> <span class='ocrx_word' id='word_1_115' title='bbox 723 1720 771 1760; x_wconf 93' lang='lat' dir='ltr'><strong>in</strong></span> <span class='ocrx_word' id='word_1_116' title='bbox 804 1721 915 1761; x_wconf 88' lang='lat' dir='ltr'><strong>lecto</strong></span> <span class='ocrx_word' id='word_1_117' title='bbox 948 1722 1085 1774; x_wconf 85' lang='lat' dir='ltr'><strong>pallia</strong></span> <span class='ocrx_word' id='word_1_118' title='bbox 1116 1726 1270 1764; x_wconf 90' lang='lat' dir='ltr'><strong>nostra</strong></span> <span class='ocrx_word' id='word_1_119' title='bbox 1301 1723 1464 1774; x_wconf 89' lang='lat' dir='ltr'><strong>sedent,</strong></span> 
     </span>
     <span class='ocr_line' id='line_1_20' title="bbox 295 1788 1490 1854; baseline 0.007 -20"><span class='ocrx_word' id='word_1_120' title='bbox 295 1794 351 1834; x_wconf 89' lang='lat' dir='ltr'><strong>Et</strong></span> <span class='ocrx_word' id='word_1_121' title='bbox 380 1808 542 1836; x_wconf 88' lang='lat' dir='ltr'><strong>vacuus</strong></span> <span class='ocrx_word' id='word_1_122' title='bbox 577 1809 733 1837; x_wconf 91' lang='lat' dir='ltr'><strong>somno</strong></span> <span class='ocrx_word' id='word_1_123' title='bbox 767 1788 953 1847; x_wconf 78' lang='lat' dir='ltr'><strong>noctem,</strong></span> <span class='ocrx_word' id='word_1_124' title='bbox 989 1812 1120 1852; x_wconf 89' lang='lat' dir='ltr'><strong>quam</strong></span> <span class='ocrx_word' id='word_1_125' title='bbox 1153 1800 1297 1853; x_wconf 87' lang='lat' dir='ltr'><strong>longa,</strong></span> <span class='ocrx_word' id='word_1_126' title='bbox 1330 1802 1490 1854; x_wconf 86' lang='lat' dir='ltr'><strong>peregi,</strong></span> 
     </span>
     <span class='ocr_line' id='line_1_21' title="bbox 351 1869 1346 1926; baseline 0.007 -16"><span class='ocrx_word' id='word_1_127' title='bbox 351 1869 574 1924; x_wconf 84' lang='lat' dir='ltr'><strong>Lassaque</strong></span> <span class='ocrx_word' id='word_1_128' title='bbox 606 1873 766 1913; x_wconf 89' lang='lat' dir='ltr'><strong>versati</strong></span> <span class='ocrx_word' id='word_1_129' title='bbox 800 1874 996 1926; x_wconf 79' lang='lat' dir='ltr'><strong>corporis</strong></span> <span class='ocrx_word' id='word_1_130' title='bbox 1030 1888 1130 1916; x_wconf 86' lang='lat' dir='ltr'><strong>ossa</strong></span> <span class='ocrx_word' id='word_1_131' title='bbox 1162 1875 1346 1917; x_wconf 76' lang='lat' dir='ltr'><strong>dolent?</strong></span> 
     </span>
     <span class='ocr_line' id='line_1_22' title="bbox 249 1947 1454 2005; baseline 0.006 -18"><span class='ocrx_word' id='word_1_132' title='bbox 249 1965 269 1988; x_wconf 77' lang='lat'><strong>5</strong></span> <span class='ocrx_word' id='word_1_133' title='bbox 294 1947 416 1996; x_wconf 88' lang='lat' dir='ltr'><strong>Nam,</strong></span> <span class='ocrx_word' id='word_1_134' title='bbox 450 1950 569 2001; x_wconf 90' lang='lat' dir='ltr'><strong>puto,</strong></span> <span class='ocrx_word' id='word_1_135' title='bbox 606 1950 828 1999; x_wconf 86' lang='lat' dir='ltr'><strong>sentirem,</strong></span> <span class='ocrx_word' id='word_1_136' title='bbox 865 1951 990 2004; x_wconf 85' lang='lat' dir='ltr'><strong>siquo</strong></span> <span class='ocrx_word' id='word_1_137' title='bbox 1023 1955 1262 2005; x_wconf 88' lang='lat' dir='ltr'><strong>temptarer</strong></span> <span class='ocrx_word' id='word_1_138' title='bbox 1294 1966 1454 1995; x_wconf 87' lang='lat' dir='ltr'><strong>amore.</strong></span> 
     </span>
     <span class='ocr_line' id='line_1_23' title="bbox 349 2023 1324 2070; baseline 0.007 -7"><span class='ocrx_word' id='word_1_139' title='bbox 349 2023 416 2064; x_wconf 89' lang='lat' dir='ltr'><strong>An</strong></span> <span class='ocrx_word' id='word_1_140' title='bbox 451 2023 568 2065; x_wconf 88' lang='lat' dir='ltr'><strong>subit</strong></span> <span class='ocrx_word' id='word_1_141' title='bbox 601 2027 642 2066; x_wconf 89' lang='lat' dir='ltr'><strong>et</strong></span> <span class='ocrx_word' id='word_1_142' title='bbox 673 2028 788 2066; x_wconf 87' lang='lat' dir='ltr'><strong>tecta</strong></span> <span class='ocrx_word' id='word_1_143' title='bbox 820 2027 1005 2068; x_wconf 88' lang='lat' dir='ltr'><strong>callidus</strong></span> <span class='ocrx_word' id='word_1_144' title='bbox 1038 2031 1130 2069; x_wconf 89' lang='lat' dir='ltr'><strong>arte</strong></span> <span class='ocrx_word' id='word_1_145' title='bbox 1163 2032 1324 2070; x_wconf 77' lang='lat' dir='ltr'><strong>nocet?</strong></span> 
     </span>
     <span class='ocr_line' id='line_1_24' title="bbox 293 2095 1412 2158; baseline 0.007 -20"><span class='ocrx_word' id='word_1_146' title='bbox 293 2095 362 2139; x_wconf 75' lang='lat' dir='ltr'><strong>Sic</strong></span> <span class='ocrx_word' id='word_1_147' title='bbox 394 2100 502 2141; x_wconf 90' lang='lat' dir='ltr'><strong>erit:</strong></span> <span class='ocrx_word' id='word_1_148' title='bbox 534 2101 772 2142; x_wconf 88' lang='lat' dir='ltr'><strong>haeserunt</strong></span> <span class='ocrx_word' id='word_1_149' title='bbox 803 2104 959 2143; x_wconf 90' lang='lat' dir='ltr'><strong>tenues</strong></span> <span class='ocrx_word' id='word_1_150' title='bbox 991 2103 1038 2144; x_wconf 90' lang='lat' dir='ltr'><strong>in</strong></span> <span class='ocrx_word' id='word_1_151' title='bbox 1072 2105 1199 2145; x_wconf 89' lang='lat' dir='ltr'><strong>corde</strong></span> <span class='ocrx_word' id='word_1_152' title='bbox 1232 2105 1412 2158; x_wconf 74' lang='lat' dir='ltr'><strong>sagittae,</strong></span> 
     </span>
     <span class='ocr_line' id='line_1_25' title="bbox 347 2173 1345 2231; baseline 0.006 -16"><span class='ocrx_word' id='word_1_153' title='bbox 347 2173 403 2215; x_wconf 88' lang='lat' dir='ltr'><strong>Et</strong></span> <span class='ocrx_word' id='word_1_154' title='bbox 433 2187 637 2228; x_wconf 84' lang='lat' dir='ltr'><strong>possessa</strong></span> <span class='ocrx_word' id='word_1_155' title='bbox 668 2178 786 2218; x_wconf 80' lang='lat' dir='ltr'><strong>feius</strong></span> <span class='ocrx_word' id='word_1_156' title='bbox 817 2182 996 2231; x_wconf 79' lang='lat' dir='ltr'><strong>pectora</strong></span> <span class='ocrx_word' id='word_1_157' title='bbox 1026 2183 1171 2221; x_wconf 88' lang='lat' dir='ltr'><strong>versat</strong></span> <span class='ocrx_word' id='word_1_158' title='bbox 1200 2181 1345 2221; x_wconf 92' lang='lat' dir='ltr'><strong>Amor.</strong></span> 
     </span>
     <span class='ocr_line' id='line_1_26' title="bbox 291 2249 1581 2312; baseline 0.008 -21"><span class='ocrx_word' id='word_1_159' title='bbox 291 2249 496 2293; x_wconf 87' lang='lat' dir='ltr'><strong>Cedimus</strong></span> <span class='ocrx_word' id='word_1_160' title='bbox 530 2266 587 2294; x_wconf 93' lang='lat' dir='ltr'><strong>an</strong></span> <span class='ocrx_word' id='word_1_161' title='bbox 621 2254 814 2295; x_wconf 89' lang='lat' dir='ltr'><strong>subitum</strong></span> <span class='ocrx_word' id='word_1_162' title='bbox 846 2256 1054 2298; x_wconf 89' lang='lat' dir='ltr'><strong>luctando</strong></span> <span class='ocrx_word' id='word_1_163' title='bbox 1088 2258 1365 2299; x_wconf 87' lang='lat' dir='ltr'><strong>accendimus</strong></span> <span class='ocrx_word' id='word_1_164' title='bbox 1397 2259 1581 2312; x_wconf 78' lang='lat' dir='ltr'><strong>ignem?</strong></span> 
     </span>
     <span class='ocr_line' id='line_1_27' title="bbox 226 2327 1449 2387; baseline 0.007 -19"><span class='ocrx_word' id='word_1_165' title='bbox 226 2347 265 2370; x_wconf 76' lang='grc' dir='ltr'><strong>ιο</strong></span> <span class='ocrx_word' id='word_1_166' title='bbox 347 2327 587 2372; x_wconf 78' lang='lat' dir='ltr'><strong>Cedamus!</strong></span> <span class='ocrx_word' id='word_1_167' title='bbox 620 2332 714 2373; x_wconf 86' lang='lat' dir='ltr'><strong>leve</strong></span> <span class='ocrx_word' id='word_1_168' title='bbox 745 2332 805 2381; x_wconf 84' lang='lat' dir='ltr'><strong>fit,</strong></span> <span class='ocrx_word' id='word_1_169' title='bbox 841 2334 957 2387; x_wconf 90' lang='lat' dir='ltr'><strong>quod</strong></span> <span class='ocrx_word' id='word_1_170' title='bbox 987 2335 1098 2376; x_wconf 90' lang='lat' dir='ltr'><strong>bene</strong></span> <span class='ocrx_word' id='word_1_171' title='bbox 1131 2337 1277 2385; x_wconf 77' lang='lat' dir='ltr'><strong>fertur,</strong></span> <span class='ocrx_word' id='word_1_172' title='bbox 1313 2349 1449 2377; x_wconf 87' lang='lat' dir='ltr'><strong>onus:</strong></span> 
     </span>
     <span class='ocr_line' id='line_1_28' title="bbox 288 2402 1451 2456; baseline 0.009 -13"><span class='ocrx_word' id='word_1_173' title='bbox 288 2402 387 2443; x_wconf 88' lang='lat' dir='ltr'><strong>Vidi</strong></span> <span class='ocrx_word' id='word_1_174' title='bbox 420 2418 498 2456; x_wconf 86' lang='lat' dir='ltr'><strong>ego</strong></span> <span class='ocrx_word' id='word_1_175' title='bbox 531 2406 713 2448; x_wconf 87' lang='lat' dir='ltr'><strong>iactatas</strong></span> <span class='ocrx_word' id='word_1_176' title='bbox 745 2415 866 2449; x_wconf 85' lang='lat' dir='ltr'><strong>mota</strong></span> <span class='ocrx_word' id='word_1_177' title='bbox 898 2411 988 2450; x_wconf 84' lang='lat' dir='ltr'><strong>face</strong></span> <span class='ocrx_word' id='word_1_178' title='bbox 1022 2424 1212 2451; x_wconf 87' lang='lat' dir='ltr'><strong>crescere</strong></span> <span class='ocrx_word' id='word_1_179' title='bbox 1250 2411 1451 2453; x_wconf 88' lang='lat' dir='ltr'><strong>flammas</strong></span> 
     </span>
     <span class='ocr_line' id='line_1_29' title="bbox 343 2480 1164 2537; baseline 0.009 -16"><span class='ocrx_word' id='word_1_180' title='bbox 343 2480 400 2522; x_wconf 88' lang='lat' dir='ltr'><strong>Et</strong></span> <span class='ocrx_word' id='word_1_181' title='bbox 432 2482 518 2522; x_wconf 87' lang='lat' dir='ltr'><strong>vidi</strong></span> <span class='ocrx_word' id='word_1_182' title='bbox 552 2484 676 2525; x_wconf 70' lang='lat' dir='ltr'><strong>nullo</strong></span> <span class='ocrx_word' id='word_1_183' title='bbox 709 2487 984 2527; x_wconf 88' lang='lat' dir='ltr'><strong>concutiente</strong></span> <span class='ocrx_word' id='word_1_184' title='bbox 1030 2488 1164 2537; x_wconf 89' lang='lat' dir='ltr'><strong>mori;</strong></span> 
     </span>
     <span class='ocr_line' id='line_1_30' title="bbox 285 2556 1657 2617; baseline 0.009 -19"><span class='ocrx_word' id='word_1_185' title='bbox 285 2556 475 2600; x_wconf 87' lang='lat' dir='ltr'><strong>Verbera</strong></span> <span class='ocrx_word' id='word_1_186' title='bbox 506 2560 634 2612; x_wconf 87' lang='lat' dir='ltr'><strong>plura</strong></span> <span class='ocrx_word' id='word_1_187' title='bbox 666 2562 825 2612; x_wconf 88' lang='lat' dir='ltr'><strong>ferunt,</strong></span> <span class='ocrx_word' id='word_1_188' title='bbox 860 2576 992 2616; x_wconf 90' lang='lat' dir='ltr'><strong>quam</strong></span> <span class='ocrx_word' id='word_1_189' title='bbox 1025 2577 1133 2617; x_wconf 89' lang='lat' dir='ltr'><strong>quos</strong></span> <span class='ocrx_word' id='word_1_190' title='bbox 1165 2566 1287 2608; x_wconf 84' lang='lat' dir='ltr'><strong>iuvat</strong></span> <span class='ocrx_word' id='word_1_191' title='bbox 1317 2579 1423 2607; x_wconf 84' lang='lat' dir='ltr'><strong>usus</strong></span> <span class='ocrx_word' id='word_1_192' title='bbox 1456 2569 1601 2617; x_wconf 83' lang='lat' dir='ltr'><strong>aratri,</strong></span> <span class='ocrx_word' id='word_1_193' title='bbox 1655 2587 1657 2591; x_wconf 91' lang='lat'>·</span> 
     </span>
     <span class='ocr_line' id='line_1_31' title="bbox 345 2633 1414 2694; baseline 0.01 -20"><span class='ocrx_word' id='word_1_194' title='bbox 345 2633 600 2677; x_wconf 85' lang='lat' dir='ltr'><strong>Detractant</strong></span> <span class='ocrx_word' id='word_1_195' title='bbox 631 2638 782 2690; x_wconf 89' lang='lat' dir='ltr'><strong>prensi</strong></span> <span class='ocrx_word' id='word_1_196' title='bbox 815 2638 919 2680; x_wconf 89' lang='lat' dir='ltr'><strong>dum</strong></span> <span class='ocrx_word' id='word_1_197' title='bbox 951 2640 1054 2694; x_wconf 86' lang='lat' dir='ltr'><strong>iuga</strong></span> <span class='ocrx_word' id='word_1_198' title='bbox 1084 2642 1228 2694; x_wconf 88' lang='lat' dir='ltr'><strong>prima</strong></span> <span class='ocrx_word' id='word_1_199' title='bbox 1259 2642 1414 2693; x_wconf 86' lang='lat' dir='ltr'><strong>boves;</strong></span> 
     </span>
    </p>
   </div>
  </div>
 </body>
</html>
