1780 3054
22 0 41 119 »τᾳ-«ὴ-

548 590 550 592 ’
586 600 1016 658 PRAEFATIO.

111 807 223 852 Oum
274 809 376 862 post
426 807 623 849 Lemarii
671 806 914 848 editionem
962 805 1148 846 Lutetiae
1196 804 1468 846 Parisiorum
1518 816 1555 844 a.

50 884 341 930 MDCGGXX.
366 883 535 939 publici
566 883 678 924 iuris
711 883 874 924 factam
906 894 1038 923 nemo
1065 881 1153 922 huc
1179 894 1318 935 usque
1346 881 1556 922 inventus

51 966 178 1015 esset,
199 963 275 1018 qui
306 961 453 1004 Ovidii
483 956 670 1002 Amores
703 972 819 1001 novo
853 959 1175 1000 commentario
1195 959 1415 1011 exegetico
1450 958 1556 998 viris

50 1036 192 1086 doctis
229 1041 451 1084 destinato
485 1034 678 1089 ornaret,
713 1038 888 1091 suscepi
920 1038 1040 1079 hunc
1072 1037 1271 1078 laborem
1303 1036 1414 1077 mihi
1450 1050 1557 1077 sane

0 1115 2 1117 ’
49 1119 435 1168 iucundissimum,
471 1116 694 1168 omnibus,
729 1115 804 1170 qui
839 1114 997 1156 Ovidio
1032 1114 1181 1168 aliqua
1213 1128 1263 1154 ex
1296 1117 1419 1167 parte
1454 1127 1555 1167 ope-

49 1210 147 1240 ram
197 1209 360 1238 navare
412 1195 582 1245 volunt,
632 1194 943 1248 praecipueque
996 1192 1217 1234 iuventuti
1277 1191 1557 1245 antiquitatis

49 1273 259 1317 studiosae
291 1275 467 1327 gratum
492 1286 567 1314 me
601 1272 823 1313 facturum
855 1272 1064 1324 putans*

113 1349 211 1402 Sed,
243 1364 301 1393 ne
333 1351 433 1406 quis
465 1350 595 1404 plura
611 1350 660 1390 in
675 1348 790 1390 libro
823 1361 924 1389 meo
948 1350 1144 1402 quaerat,
1169 1361 1302 1401 quam
1325 1360 1419 1401 quae
1448 1360 1556 1399 prae-

49 1433 169 1473 stare
198 1429 325 1484 potui
358 1431 402 1471 et
431 1428 567 1478 volui,
601 1428 786 1469 lectores
831 1427 916 1468 hoc
958 1426 1055 1467 loco
1090 1425 1307 1466 admoneo
1340 1426 1387 1465 in
1422 1424 1556 1465 adno-

46 1505 292 1550 tationibus
325 1505 612 1548 conficiendis
645 1504 731 1546 duo
764 1506 941 1545 tantum
972 1503 1087 1544 mihi
1118 1503 1256 1544 fuisse
1300 1503 1555 1556 proposita:

46 1585 257 1639 primum,
291 1586 342 1626 ut
368 1583 534 1638 elegias
569 1582 714 1624 Ovidii
748 1581 870 1623 brevi
902 1579 1284 1634 interpretatione,
1320 1593 1414 1634 quae
1449 1579 1555 1621 dici-

47 1664 133 1712 tur,
156 1661 325 1703 verbali
346 1661 630 1709 instruerem,
655 1659 827 1709 deinde,
852 1661 902 1700 ut
924 1658 1269 1707 accuratissime,
1295 1656 1402 1710 quid
1423 1659 1556 1710 poeta

47 1730 276 1793 magistris
329 1738 436 1788 suis,
476 1738 686 1791 inprimis
732 1736 964 1790 Propertio
1014 1738 1057 1777 et
1103 1735 1292 1784 Tibullo,
1342 1739 1556 1788 praeterea

47 1815 252 1866 Horatio,
286 1814 461 1858 Catullo
506 1818 550 1858 et
592 1815 820 1870 Lygdamo
866 1815 1055 1862 deberet,
1103 1827 1379 1867 exponerem.
1429 1812 1556 1865 Quod

50 1893 172 1936 enim
204 1892 260 1943 ad
288 1892 568 1948 Lygdamum
598 1893 717 1935 inter
749 1895 951 1934 auctores
992 1892 1138 1934 Ovidii
1166 1892 1338 1937 attinet,
1364 1890 1554 1932 necessi-

47 1970 264 2022 tudinem,
289 1984 386 2026 quae
417 1971 537 2013 inter
569 1985 670 2013 eum
703 1974 746 2012 et
768 1971 976 2013 Ovidium
1009 1970 1256 2014 intercedit.
1281 1969 1554 2023 diligentius,

51 2062 185 2104 quam
218 2051 351 2090 antea
376 2049 542 2090 factum
578 2051 655 2097 est,
691 2049 871 2091 definivi
905 2050 952 2090 in
987 2049 1182 2091 editione
1215 2048 1442 2101 Lygdami,
1479 2046 1552 2088 ubi

52 2125 161 2167 satis
191 2125 444 2167 luculenter
475 2125 783 2168 demonstravi
811 2125 1018 2168 Ovidium
1051 2126 1187 2167 fuisse
1220 2125 1491 2166 imitatorem
1515 2126 1557 2164 et

49 2201 100 2244 in
143 2202 350 2244 omnibus
396 2202 486 2244 fere
530 2203 656 2245 libris
702 2204 797 2245 eius
844 2217 1055 2258 apparere
1101 2202 1318 2255 Lygdami
1352 2201 1553 2251 vestigia.

49 2278 268 2322 Praeterea
297 2294 400 2322 mox
430 2282 572 2323 totam
604 2282 718 2322 hano
752 2282 1044 2335 quaestionem
1089 2280 1305 2334 peculiari
1350 2279 1554 2321 tractabi-

49 2368 152 2398 mus
181 2356 346 2399 libello.

72 2554 79 2566 ·
110 2536 134 2560 *
158 2538 306 2573 Eodem
332 2539 496 2573 consilio
523 2539 626 2574 edidi
652 2540 874 2584 sumptibus
892 2539 1108 2574 Academiae
1136 2540 1374 2574 Litterarum
1395 2539 1458 2572 ΗΠ
1477 2550 1555 2583 *ga-

55 2596 144 2632 ricae
168 2597 364 2633 Tibullum
389 2610 468 2634 una
493 2610 582 2634 cum
601 2598 774 2644 Sulpicia
791 2599 1074 2644 (Budapestini,
1103 2611 1124 2634 a
1148 2599 1322 2643 MOMV.)
1343 2602 1378 2633 et
1405 2598 1555 2644 Lygda-

53 2666 164 2691 mum
187 2667 266 2692 una
293 2669 381 2693 cum
407 2659 645 2704 Panegyrico
672 2658 862 2694 Messallae
883 2658 1052 2703 (ibidem,
1081 2671 1114 2693 a.
1140 2659 1335 2694 MOMVIa
1363 2670 1553 2692 commen-

52 2714 154 2750 tario
181 2717 372 2762 exegetico
399 2718 623 2753 instructos,
