1786 3034
279 139 335 172 -20

883 151 1061 179 AMORUM
1083 151 1115 180 21.
1145 149 1176 179 7.

347 288 384 312 40
468 266 514 310 Si
547 268 743 309 sinerent
774 268 899 316 laesae,
935 266 1260 315 candidatota,
1295 280 1432 320 gcnae.

406 346 565 398 Aptius
598 344 812 398 inpressis
844 345 988 385 fuerat
1019 342 1155 384 livere
1187 343 1362 385 labellis

466 423 522 464 Et
553 423 665 464 collo
697 421 850 463 blandi
883 421 1028 463 dentis
1060 421 1222 462 habere
1253 423 1420 463 notam.

408 497 620 552 Denique,
657 498 694 538 si
725 497 887 538 tumidi
919 497 1010 538 ritu
1040 498 1251 538 torrentis
1284 497 1455 551 agebar,
1480 546 1481 549 Ἴ

468 571 675 626 Gaecaque
707 586 778 614 mc
809 573 1004 626 praedam
1037 573 1200 614 fecerat
1231 573 1298 614 ira
1330 585 1468 621 suam,

347 669 383 693 45
406 650 564 691 Nonne
597 650 703 691 satis
735 650 878 691 fuerat
910 650 1074 691 timidae
1106 649 1369 691 inclamasse
1401 648 1562 702 puella>

466 725 555 767 Nec
586 726 776 767 nimium
808 725 970 779 rigidas
1002 725 1251 767 intonuisse
1282 725 1428 767 minas

407 802 496 841 Aut
526 801 723 842 tunicam
756 800 929 842 summa
961 801 1175 842 deducere
1208 801 1396 855 turpiter
1427 813 1504 853 ora

466 878 533 920 Ad
562 878 787 920 mediam?
817 878 972 919 mediae
1005 892 1117 920 zona
1148 879 1324 920 tulisset
1357 891 1497 932 opem.

407 957 463 996 At
495 969 613 997 nunc
647 957 839 997 sustinui
871 957 1008 1009 raptis
1042 970 1067 998 a
1098 957 1243 998 fronte
1276 956 1448 1009 capillis
1502 967 1507 971 ⁴
1543 972 1546 973 ⁷
1580 982 1583 984 —

348 1052 385 1076 50
467 1033 653 1074 Ferreus
685 1034 902 1086 ingenuas
935 1047 1080 1086 ungue
1113 1036 1268 1075 notare
1299 1046 1460 1087 genas:

340 1154 342 1156 ,
407 1111 588 1152 Adstitit
618 1110 697 1159 illa
730 1125 881 1152 amens
915 1111 1013 1152 albo
1047 1115 1090 1152 et
1123 1112 1218 1153 sine
1251 1111 1467 1164 sanguine
1498 1111 1642 1160 vultu,
1692 1147 1694 1150 ,

468 1184 707 1227 Caeduntur
737 1187 879 1227 Pariis
907 1187 1054 1240 qualia
1088 1200 1191 1228 saxa
1222 1187 1359 1240 iugis;

407 1261 634 1303 Exanimis
666 1265 785 1303 artus
820 1265 862 1304 et
892 1263 1091 1304 membra
1122 1263 1359 1304 trementia
1390 1262 1491 1311 vidi,

468 1338 526 1379 Ut
557 1351 657 1378 cum
687 1339 902 1391 populeas
933 1339 1122 1379 ventilat
1153 1351 1260 1380 aura
1291 1351 1453 1388 comas,

347 1433 384 1457 55
408 1415 467 1455 Ut
491 1415 582 1455 leni
613 1415 814 1468 Zephyro
847 1415 1021 1468 gracilis
1052 1415 1249 1456 vibratur
1280 1415 1495 1464 harundo,

468 1488 701 1531 Summave
735 1504 835 1531 cum
868 1490 1016 1543 tepido
1051 1491 1282 1544 stringitur
1313 1490 1434 1532 unda
1465 1491 1578 1532 Noto
1589 1505 1607 1539 ς

409 1564 727 1619 Suspensaeque
761 1565 836 1607 diu
868 1566 1060 1607 lacrimae
1092 1565 1255 1608 fluxere
1286 1580 1366 1620 per
1397 1580 1486 1617 ora,

467 1640 665 1692 Qualiter
695 1641 865 1682 abiecta
897 1641 950 1682 de
982 1642 1085 1683 nive
1116 1645 1268 1684 manat
1301 1656 1445 1696 aqua*
1507 1694 1509 1697 ι

407 1718 525 1759 Tunc
560 1732 638 1772 ego
671 1733 741 1760 mc
773 1720 968 1772 primum
1002 1720 1115 1773 coepi
1147 1721 1313 1762 sentire
1345 1723 1606 1776 nocentem:

346 1813 383 1836 60
467 1792 656 1847 Sanguis
689 1799 782 1835 erat
812 1794 1015 1845 lacrimae,
1053 1809 1160 1849 quas
1193 1796 1326 1838 dabat
1356 1796 1447 1844 illa,
1480 1810 1618 1838 meus.

406 1868 488 1908 Ter
519 1872 669 1910 tamen
702 1872 803 1910 ante
835 1870 969 1922 pedes
1001 1871 1123 1912 volui
1155 1871 1442 1924 procumbere
1475 1872 1659 1925 supplex
1673 1888 1696 1923 :V

466 1944 546 1984 Ter
575 1943 834 1986 formidatas
866 1945 1059 1999 reppulit
1090 1946 1168 1987 illa
1199 1959 1370 1988 manus.
1400 1996 1403 1998 .

405 2021 461 2061 At
491 2025 541 2061 tu
572 2034 628 2062 ne
662 2021 816 2062 dubita
848 2023 1035 2073 (minuet
1065 2023 1261 2064 vindicta
1292 2023 1506 2082 dolorem)

464 2098 670 2139 Protinus
703 2099 751 2139 in
782 2100 931 2140 vultus
963 2100 1184 2152 unguibus
1215 2101 1278 2141 ire
1309 2114 1445 2151 meos,

345 2194 382 2216 65
406 2174 492 2215 Nec
524 2176 690 2216 nostris
724 2176 862 2218 oculis
894 2190 976 2217 nec
1008 2178 1174 2218 nostris
1205 2191 1334 2232 parce
1367 2179 1567 2232 capillis:

466 2252 717 2303 Quamlibet
748 2253 946 2295 infirmas
980 2255 1159 2296 adiuvat
1193 2255 1259 2297 ira
1290 2269 1475 2305 manus3

403 2327 521 2368 Neve
551 2328 641 2369 mei
675 2329 850 2369 sceleris
882 2331 974 2370 tam
1006 2331 1150 2371 tristia
1182 2331 1310 2383 signa
1342 2333 1580 2385 supersint,
1636 2358 1639 2360 -

464 2404 582 2445 Pone
614 2406 917 2458 reconpositas
950 2407 996 2447 in
1031 2408 1220 2448 statione
1252 2409 1423 2450 comas!
