1786 3034
729 795 930 843 LIBER
969 793 1332 843 SECUNDUS.

1017 959 1051 1001 Ι.

409 1067 506 1109 Hoc
538 1080 708 1120 quoque
742 1065 957 1118 conposui
986 1064 1192 1118 Paelignis
1223 1067 1356 1106 natus
1389 1065 1578 1118 aquosis,

467 1143 549 1185 Ille
582 1156 660 1195 ego
692 1141 899 1195 nequitiae
931 1141 1047 1182 Naso
1079 1143 1210 1194 poeta
1241 1155 1375 1191 meae3
1773 1199 1775 1201 Ι

408 1219 505 1260 Hoc
522 1232 692 1272 quoque
709 1218 839 1259 iussit
855 1218 1008 1259 Amor:
1025 1217 1182 1271 procul
1200 1217 1315 1267 hinc,
1327 1217 1481 1271 procul
1497 1219 1599 1267 este,
1617 1218 1756 1259 severi
1774 1238 1776 1242 ⁸

468 1295 567 1337 Non
600 1296 704 1336 estis
735 1295 899 1336 teneris
932 1296 1034 1347 apta
1063 1295 1238 1335 theatra
1268 1292 1424 1334 modis.

368 1390 386 1414 5
408 1371 479 1412 Me
511 1370 629 1424 legat
660 1371 708 1411 in
741 1370 896 1423 sponsi
927 1370 1037 1411 facie
1069 1383 1162 1411 non
1194 1369 1353 1423 frigida
1383 1369 1505 1422 virgo

467 1448 523 1489 Et
553 1448 674 1489 rudis
706 1449 858 1500 ignoto
889 1449 1033 1488 tactus
1066 1460 1215 1488 amore
1247 1460 1380 1500 puer3

407 1525 546 1578 Atque
580 1523 738 1577 aliquis
770 1524 991 1573 iuvenum,
1017 1536 1102 1576 quo
1128 1536 1248 1563 nunc
1281 1535 1372 1575 ege,
1409 1521 1583 1563 saucius
1615 1526 1737 1564 arcu

465 1601 685 1654 Agnoscat
717 1600 904 1641 flammae
937 1600 1117 1641 conscia
1149 1599 1276 1653 signa
1308 1613 1396 1640 suae

406 1676 677 1730 Miratusque
711 1676 786 1717 diu
823 1690 958 1730 «quo»
996 1676 1113 1717 dicat
1150 1677 1227 1717 «ab
1259 1675 1404 1717 indice
1437 1675 1590 1717 doctus
1777 1660 1786 1738 ζ

350 1773 387 1796 10
470 1751 714 1807 Conposuit
746 1767 871 1794 casus
903 1753 987 1794 iste
1018 1755 1150 1806 poeta
1179 1766 1302 1794 meos
1314 1755 1358 1794 P»
1450 1773 1455 1779 ·
1760 1739 1786 1811 3

406 1830 550 1871 Ausus
583 1844 713 1879 eram,
748 1830 943 1878 memini,
979 1829 1170 1870 caelestia
1202 1829 1343 1870 dicere
1375 1829 1492 1870 bella
1779 1813 1786 1882 J

466 1904 859 1959 Centimanumque
893 1905 1029 1959 Gyen,
1066 1907 1124 1956 (et
1156 1906 1263 1947 satis
1296 1907 1384 1947 oris
1417 1907 1524 1956 erat)

407 1981 515 2023 Cum
547 1982 661 2022 male
695 1996 739 2023 se
773 1982 920 2022 Tellus
952 1982 1101 2031 ultast,
1136 1982 1394 2036 ingestaque
1429 1981 1616 2037 Olympo

463 2058 611 2100 Ardua
641 2059 853 2100 devexum
884 2058 1040 2099 Pelion
1074 2057 1184 2100 Ossa
1215 2059 1343 2108 tulit3
1766 2045 1786 2138 3

346 2154 381 2177 15
403 2135 457 2176 In
488 2135 691 2175 manibus
724 2134 900 2176 nimbos
935 2137 977 2175 et
1011 2147 1110 2175 cum
1142 2135 1244 2175 Iove
1277 2134 1447 2175 fulmen
1485 2135 1716 2184 habebam,
1779 2139 1786 2180 j

465 2208 591 2260 Quod
621 2210 732 2251 bene
765 2223 845 2263 pro
880 2210 987 2250 caelo
1020 2210 1215 2251 mitteret
1245 2210 1321 2250 ille
1355 2223 1460 2260 suo;
1662 2192 1676 2205 ὁ
1767 2202 1786 2219 ⁵

404 2285 572 2327 Clausit
604 2286 745 2327 amica
776 2287 919 2327 fores:
954 2299 1034 2339 ego
1068 2299 1167 2327 cum
1198 2286 1300 2327 Iove
1334 2286 1503 2327 fulmen
1535 2287 1692 2337 omisi;
1772 2286 1786 2338 ÷j

461 2361 633 2402 Excidit
664 2361 846 2414 ingenio
878 2362 1080 2414 Iuppiter
1109 2362 1203 2415 ipse
1235 2374 1347 2403 meo.
1780 2356 1786 2368 ⁴

401 2437 612 2491 Iuppiter,
645 2439 874 2491 ignoscas:
907 2439 976 2480 nil
1006 2453 1077 2480 me
1108 2442 1186 2480 tua
1217 2439 1307 2480 tela
1337 2439 1559 2486 iuvabant,

341 2533 380 2557 ιο
463 2512 622 2555 Clausa
652 2517 728 2555 tuo
761 2515 905 2555 maius
938 2515 1073 2556 ianua
1104 2516 1273 2556 fulmen
1305 2515 1461 2565 habet3

400 2590 646 2631 Blanditias
681 2591 1070 2645 elegosque-levis,
1103 2605 1202 2633 mea
1232 2592 1333 2641 tela,
1367 2591 1611 2644 resumpsi:
1769 2566 1786 2623 Α

460 2665 717 2707 Mollierunt
751 2666 881 2708 duras
914 2667 1034 2708 lenia
1064 2668 1195 2708 verba
1227 2668 1356 2708 fores.
1773 2666 1786 2742 3

1778 2743 1786 2768 i

1776 2769 1786 2842 l
