1786 3034
251 137 297 172 66
803 148 983 178 AMORUM
1007 148 1071 176 111.
1101 145 1191 176 1-2.

309 286 346 311 55
371 267 488 319 Quin
522 280 601 319 ego
634 279 704 306 me
735 264 933 313 memini,
957 263 1065 305 dum
1096 266 1244 304 custos
1277 277 1417 306 saevus
1450 254 1630 312 abiret,v
1658 264 1665 268 ’
1695 266 1710 271 ”’
1730 274 1753 292 ···

426 344 609 385 Ancillae
641 344 825 384 missam
856 341 1084 382 delituisse
1118 341 1243 390 sinu;

370 420 496 472 Quid,
530 434 630 461 cum
660 433 731 460 me
763 431 928 459 munus
959 417 1099 458 natali
1130 418 1283 468 mittis,
1319 419 1365 459 at
1395 417 1474 459 illa

427 497 609 551 Rumpit
642 499 684 537 et
716 495 919 548 adposita
949 495 1134 555 barbara
1164 497 1331 536 mersat
1362 498 1508 548 aqua?

367 573 514 614 Prima
544 576 630 614 tuae
661 572 780 613 movi
812 571 959 612 felicia
991 572 1163 612 semina
1193 571 1382 612 mentis:

307 669 346 694 σο
404 634 590 691 'Munus
623 648 771 698 habes,
806 647 923 702 quod
953 650 996 689 te
1029 648 1119 689 iam
1148 649 1263 702 petit
1292 649 1391 699 ista,
1425 661 1614 691 meum.»

368 725 594 775 Desierat3
629 725 742 778 coepi
780 737 881 777 «per
911 737 989 765 vos
1020 726 1253 778 utramque
1284 737 1504 778 rogamu3‚

428 803 482 844 In
513 815 673 844 vacuas
706 814 834 843 aures
866 801 1000 842 verba
1031 801 1232 842 timentis
1265 803 1380 843 eant.

369 880 520 921 Altera
551 892 622 921 me
655 880 826 931 sceptro
859 877 1040 920 decoras
1073 879 1249 932 altoque
1282 878 1545 927 cothurnoz,

429 958 524 999 Iam
556 970 675 998 nunc
707 956 908 997 contacto
941 969 1128 1009 magnus
1159 956 1208 997 in
1241 969 1314 997 ore
1347 969 1509 1006 sonus;

309 1054 346 1078 σε
369 1034 519 1076 Altera
550 1034 628 1076 das
660 1035 813 1075 nostro
844 1032 1065 1074 victurum
1096 1045 1261 1074 nomen
1293 1033 1460 1075 amori:

427 1109 542 1163 Ergo
575 1108 679 1150 ades
712 1111 756 1150 et
785 1108 934 1162 longis
965 1109 1165 1150 versibus
1198 1109 1308 1150 adde
1338 1109 1507 1151 brevis!

366 1186 587 1240 Exiguum
617 1186 708 1227 vati
739 1185 940 1236 concede,
975 1187 1215 1241 Tragoedia,
1248 1189 1450 1241 tempus:

429 1264 493 1304 Tu
522 1263 648 1304 labor
679 1266 893 1313 aeternus3
928 1263 1046 1317 quod
1075 1264 1188 1317 petit
1218 1262 1309 1313 illa,
1343 1263 1554 1305 brevest.»

370 1340 494 1382 Mota
526 1339 645 1382 dedit
674 1341 876 1383 veniam:
910 1341 1052 1382 teneri
1081 1342 1377 1395 properentur
1399 1340 1602 1391 Amores,

308 1436 345 1461 νο
426 1417 544 1459 Dum
575 1419 701 1459 vacat
714 1432 725 1467 3
760 1430 785 1457 a
817 1419 940 1470 tergo
973 1417 1184 1470 grandius
1215 1419 1373 1472 urguet
1404 1411 1534 1472 opus(

971 1607 1026 1648 II.

378 1721 499 1763 «Non
531 1736 612 1776 ego
644 1723 865 1766 nobilium
898 1725 1028 1774 sedeo
1063 1725 1288 1768 studiosus
1321 1739 1559 1780 equorum:

424 1797 503 1840 Cui
535 1802 687 1841 tamen
717 1801 814 1855 ipsa
845 1803 979 1851 saxee,
1012 1803 1160 1844 vincat
1191 1806 1241 1845 ut
1269 1803 1358 1853 ille,
1391 1815 1557 1857 precor.

365 1874 423 1916 Ut
453 1876 656 1930 loquerer
686 1881 846 1928 tecum,
881 1879 998 1929 veni,
1030 1882 1263 1933 tecumque
1296 1880 1506 1930 sederem,

422 1952 487 1993 Ne
518 1954 601 1994 tibi
632 1968 724 1996 non
755 1959 901 2005 notus,
938 1970 1068 2010 quem
1100 1957 1220 2005 facis,
1257 1958 1372 1998 esset
1403 1969 1539 1999 amor.

322 2047 340 2072 ε
366 2028 429 2070 Tu
460 2043 612 2072 cursus
647 2034 830 2086 spectas,
864 2046 943 2086 ego
975 2035 1042 2074 te:
1078 2035 1327 2087 spectemus
1357 2035 1554 2086 uterque,

424 2104 550 2156 Quod
581 2108 715 2158 iuvat,
740 2109 881 2162 ‘atque
914 2109 1064 2150 oculos
1097 2112 1249 2163 pascat
1280 2112 1462 2164 uterque
1496 2110 1624 2153 suos!

365 2179 411 2231 O,
447 2184 705 2238 cuicumque
738 2186 871 2235 faves,
905 2186 1009 2227 felix
1038 2185 1227 2238 agitator
1258 2188 1494 2240 equorum!

395 2258 538 2324 *Ergo
571 2260 636 2301 illi
671 2274 784 2302 curae
816 2262 1000 2316 contigit
1033 2275 1127 2303 esse
1159 2264 1278 2303 tuae‘?

365 2334 462 2376 Hoc
493 2337 606 2377 mihi
638 2337 878 2391 contingat,
914 2350 1036 2379 sacro
1070 2338 1123 2379 de
1155 2351 1326 2379 carcere
1357 2339 1507 2380 missis

304 2430 341 2455 ιο
423 2412 635 2455 Insistam
666 2415 770 2455 forti
801 2417 951 2455 mente
983 2414 1210 2456 vehendus
1243 2415 1366 2468 equis

365 2487 422 2529 Et
452 2489 582 2531 modo
614 2490 712 2531 lora
744 2490 870 2539 dabo,
904 2490 1036 2531 modo
1068 2491 1246 2532 verbere
1279 2493 1402 2544 terga
1433 2492 1613 2543 notabo,

420 2565 548 2607 Nunc
579 2567 795 2620 stringam
825 2569 965 2609 metas
998 2568 1210 2609 interiore
1241 2570 1349 2609 rota.

365 2638 411 2681 Si
442 2642 554 2683 mihi
585 2644 780 2684 currenti
812 2643 948 2685 fueris
980 2646 1226 2697 conspecta,
1260 2644 1480 2695 morabor,
