1786 3034
251 137 297 172 70
804 152 982 181 Amorum
1006 153 1072 182 111.
1099 150 1192 181 3-4.

367 270 456 311 Aut
488 270 583 312 sine
615 283 662 311 re
693 283 860 311 nomen
890 270 997 311 deus
1031 273 1098 311 est
1129 271 1379 325 frustraque
1411 271 1604 314 timetur·

426 346 483 387 Et
514 346 651 388 stulta
681 346 870 399 populos
902 346 1159 388 credulitate
1191 349 1350 397 movet,

311 442 347 465 π
369 422 469 470 Aut,
506 423 643 476 siquis
676 423 783 463 deus
817 425 894 473 est,
929 425 1103 465 teneras
1135 425 1255 465 amat
1284 424 1362 467 ille
1393 424 1594 481 puellas:

427 499 648 541 Nimirum
680 500 797 541 solas
830 500 981 541 omnia
1011 508 1140 554 posse
1172 500 1305 542 iubet.

368 575 505 643 N9bi⁸
538 577 712 618 fatifero
735 577 911 618 Mavors
944 578 1187 631 accingitur
1219 592 1336 627 ense,

425 652 516 694 Nos
546 653 659 706 petit
690 653 855 694 invicta
885 653 1077 695 Palladis
1110 654 1238 695 hasta
1267 667 1417 706 manu,

368 729 506 771 Nobis
538 729 752 771 flexibiles
785 732 1023 772 curvantur
1052 730 1274 784 Apollinis
1306 744 1445 781 arcus,

307 824 345 848 30
425 805 479 846 In
510 820 593 848 nos
626 806 717 847 alta
747 806 864 848 Iovis
897 806 1074 848 dextera
1104 807 1276 849 fulmen
1307 808 1462 858 habet3

367 882 604 924 Formosas
637 884 785 937 superi
815 885 1022 925 metuunt
1056 883 1279 927 offendere
1310 884 1409 927 laesi

425 958 568 1012 Atque
599 960 729 1008 ultro,
766 973 860 1012 quae
894 973 939 1000 se
971 973 1063 1001 non
1096 960 1296 1009 timuere,
1332 961 1506 1002 timent.

365 1035 421 1075 Et
453 1035 686 1088 quisquam
716 1036 790 1088 pia
821 1037 921 1077 tura
954 1036 1061 1077 focis
1093 1037 1307 1090 inponere
1339 1039 1495 1079 curat?

426 1111 552 1153 Certe
583 1113 685 1164 plus
717 1113 856 1154 animi
888 1112 1017 1154 debet
1048 1113 1195 1154 inesse
1228 1113 1346 1154 viris.

306 1207 343 1230 85
365 1187 565 1241 Iuppiter
595 1189 696 1242 igne
731 1202 834 1230 suos
865 1190 989 1231 lucos
1020 1190 1239 1231 iaculatur
1270 1192 1314 1231 et
1345 1203 1465 1232 arces

424 1264 645 1319 Missaque
677 1266 875 1319 periuras
907 1266 996 1308 tela
1028 1267 1155 1308 ferire
1186 1269 1330 1317 vetat3

369 1342 449 1384 Tot
479 1356 676 1385 meruere
707 1344 825 1396 peti:
859 1342 1030 1387 Semele
1061 1344 1327 1386 miserabilis
1359 1344 1490 1386 arsit!

429 1418 627 1461 Officiost
658 1420 726 1461 illi
756 1434 888 1473 poena
920 1423 1091 1474 reperta
1124 1434 1228 1470 suo;

368 1495 426 1537 At
457 1496 493 1538 si
524 1498 710 1538 venturo
744 1510 790 1538 se
823 1484 1101 1539 subduxisset
1133 1498 1312 1546 amanti,
1507 1542 1512 1548 ,

309 1591 346 1615 ιο
426 1572 527 1615 Non
557 1576 682 1627 pater
712 1574 760 1614 in
790 1573 963 1615 Baccho
996 1574 1149 1615 matris
1183 1573 1364 1615 haberet
1394 1586 1517 1628 opus.

369 1648 483 1701 Quid
518 1663 676 1703 queror
708 1652 751 1690 et
781 1652 874 1691 toto
908 1651 1020 1692 facio
1055 1651 1254 1692 convicia
1286 1651 1424 1692 caelo?
1622 1704 1623 1707 Ἴ
1730 1700 1733 1708 ,

426 1726 483 1767 Di
501 1741 670 1781 quoque
689 1727 852 1769 habent
870 1727 1033 1778 oculos,
1054 1727 1097 1768 di
1116 1740 1288 1780 quoque
1309 1729 1464 1780 peetus
1485 1727 1682 1770 habent!
1721 1710 1729 1727 Ἰ
1750 1744 1763 1756 ··

370 1802 416 1845 Si
448 1803 554 1844 deus
586 1803 680 1856 ipse
712 1804 865 1852 forem,
899 1816 1066 1844 numen
1097 1803 1192 1844 sine
1225 1803 1376 1846 fraude
1406 1803 1562 1845 liceret

426 1879 612 1921 Femina
643 1879 845 1921 mendaci
877 1879 1050 1920 falleret
1083 1892 1156 1920 ore
1188 1893 1338 1921 meum
1349 1894 1360 1929 ;

307 1975 344 1999 45
367 1955 465 2010 Ipse
499 1969 578 2009 ego
610 1956 804 1997 iurarem
836 1969 988 1997 verum
1020 1956 1165 1997 iurare
1197 1955 1369 2009 puellas

425 2032 482 2073 Et
512 2045 605 2073 non
638 2031 690 2073 de
722 2032 889 2073 tetricis
921 2031 1088 2073 dicerer
1119 2045 1214 2074 esse
1247 2032 1367 2074 deus.

367 2108 430 2150 Tu
461 2110 612 2150 tamen
644 2109 824 2149 illorum
856 2108 1129 2150 moderatius
1161 2110 1286 2149 utere
1317 2108 1449 2159 dono,
1522 2101 1526 2108 ’

424 2186 512 2226 Aut
544 2186 683 2226 oeulis
715 2188 832 2226 certe
863 2198 1006 2238 parce,
1039 2185 1199 2238 puella,
1234 2183 1395 2234 meisi

953 2372 1025 2414 IV.

364 2489 481 2531 Dure
514 2492 591 2540 vir,
625 2491 818 2544 inposito
853 2494 1014 2532 tenerae
1047 2490 1226 2531 custode
1257 2490 1415 2542 puellae

423 2566 496 2607 Nil
530 2568 649 2619 agis:
682 2568 907 2620 ingeniost
931 2579 1119 2620 >quaeque
1151 2565 1318 2607 tuenda
1348 2579 1441 2607 suo.
1614 2614 1616 2621 s

366 2640 502 2695 Siqua
534 2645 656 2684 metu
687 2643 865 2697 dempto
898 2645 1073 2692 eastast,
1108 2656 1159 2684 ea
1191 2641 1380 2695 denique
1413 2644 1603 2692 castast;
