1786 3034
226 199 293 232 100
756 223 768 234 ι
809 215 864 241 AD
885 214 914 242 1.
941 212 971 251 1,
996 213 1113 243 9—20.

226 328 301 366 dea
331 329 394 379 (cf.
428 329 496 368 Ov.
528 329 636 368 Fast.
669 330 735 368 VI.
780 330 886 379 652.)
930 331 970 367 et
1011 329 1191 368 crinibus
1220 331 1396 368 maxime
1431 329 1711 380 superbiebat;

225 399 273 437 ef.
306 398 413 437 Serv.
446 400 498 437 ad
527 399 643 448 Verg.
676 400 774 437 Aen.
808 400 875 438 VI.
909 400 1010 438 289:
1057 400 1248 438 «Medusa
1278 402 1411 438 erecta
1440 400 1577 440 favore
1604 401 1710 452 Nep·
1784 446 1786 449 ¹

224 470 317 507 tuni
346 483 443 508 ausa
485 472 547 508 est
585 471 717 508 crines
758 483 852 508 suos
892 469 1087 508 Minervae
1130 470 1288 519 capillis
1329 471 1531 520 praeferre,
1562 483 1642 521 qua
1667 485 1712 511 re
1776 476 1779 477 ⁷

225 539 440 588 indignata
468 540 543 578 dea
571 541 703 579 crines
734 542 819 578 eius
847 542 893 578 in
923 542 1132 589 serpentes
1167 541 1324 578 vertit.»
1358 563 1410 568 ——
1445 541 1619 581 Ventilet
1645 555 1714 582 ac-

155 604 174 617 l
226 624 366 651 censos
394 613 503 661 flava
532 612 720 650 Minerva
747 614 868 662 faces,
901 624 949 650 ex
991 612 1108 661 Prop.
1152 612 1220 651 IV.
1266 612 1300 658 3,
1340 613 1418 650 50:
1466 613 1608 652 «Hane
1635 613 1713 653 Ve-

227 694 315 726 nuS,
345 683 390 719 ut
417 683 536 726 vivat,
567 681 739 719 ventilat
767 682 858 730 ipsa
885 682 1053 727 facem»,
1084 681 1154 719 ubi
1184 683 1327 730 agitur,
1353 684 1398 720 ut
1426 682 1505 722 hoo
1533 683 1633 729 loeo,
1663 682 1714 722 de

226 751 312 790 face
343 753 505 791 amoris.
534 752 620 791 Fax
648 752 768 801 vulgo
798 751 992 802 Cupidini
1021 751 1224 798 tribuitur,
1247 753 1317 791 sed
1338 753 1509 793 Ovidius
1526 740 1714 794 hocloco

227 822 486 872 Propertium
515 825 698 862 imitatus
726 822 877 861 Veneri
907 836 996 861 eam
1028 823 1107 862 dat.
1360 813 1364 818 ⁵

299 894 344 932 V.
377 895 518 932 9—12.
550 896 597 932 in
625 895 795 932 silvis..
818 925 826 932 .
857 895 1024 945 iuqosis,
1056 895 1080 932 i.
1113 907 1144 933 e.
1176 896 1411 940 montanis;
1442 895 1490 934 of.
1522 895 1593 935 Ov.
1614 896 1711 936 Her.

227 966 265 1011 4,
296 966 373 1004 86:
410 966 490 1004 «Tu
518 965 639 1003 modo
682 966 875 1004 duritiam
915 966 1026 1003 silvis
1068 966 1226 1015 depone
1267 966 1458 1015 iugosis».
1488 989 1541 994 —
1562 967 1716 1016 phare-

156 1059 160 1065 »
229 1041 363 1075 tratae
403 1038 590 1086 vii-ginis,
632 1037 789 1090 Dianae,
831 1059 883 1063 —
929 1035 1124 1075 Crinibus
1157 1038 1366 1086 insiqnem
1387 1067 1395 1076 .
1417 1068 1425 1076 .
1449 1066 1458 1075 .
1488 1037 1712 1087 Phoebum,

229 1108 275 1144 ui
302 1108 427 1145 etiam
469 1089 769 1152 Bacchu{{''ef.
812 1107 897 1146 Tib.
940 1108 970 1144 Ι.
1013 1107 1049 1153 4,
1093 1107 1277 1146 37—38:
1314 1107 1443 1146 «Solis
1472 1109 1628 1147 aetema
1654 1111 1718 1148 est
1783 1108 1786 1111 ·

231 1177 393 1215 Baccho
423 1177 658 1226 Phoeboque
688 1178 897 1215 iuventas:
927 1178 1031 1215 Nam
1052 1178 1167 1215 decet
1187 1179 1378 1216 intonsus
1407 1179 1532 1217 crinis
1559 1179 1714 1217 utrum-

232 1259 308 1297 que
338 1247 481 1285 deum»
517 1250 558 1285 et
585 1247 654 1285 IV.
684 1248 720 1293 4,
752 1247 776 1285 2
794 1261 802 1285 :
850 1249 1038 1286 «intonsa
1077 1247 1227 1286 Phoebe
1271 1247 1442 1298 superbe
1481 1261 1634 1288 coma».
1665 1271 1717 1277 -

231 1322 358 1356 acuta
387 1319 566 1368 cuspide,
596 1319 723 1356 telum
753 1318 877 1356 Marti
906 1320 1141 1368 proprium;
1173 1318 1219 1357 cf.
1253 1318 1323 1357 Ov.
1353 1318 1463 1357 Fast.
1485 1319 1556 1357 ΙΠ.
1591 1319 1716 1358 1—-22

237 1389 420 1434 «Bellice‚
451 1389 648 1438 depositis
682 1390 811 1438 clipeo
848 1390 1055 1439 paulisper
1096 1391 1135 1428 et
1163 1391 1292 1436 hasta,
1335 1391 1458 1435 Mars,
1494 1390 1634 1429 ades».
1664 1407 1729 1418 --·
1782 1431 1786 1434 ,

232 1460 441 1498 Aoniam.
465 1490 472 1497 .
495 1490 503 1498 .
537 1461 682 1508 lyram,
714 1472 762 1497 ex
791 1459 911 1508 Prop.
938 1460 968 1497 I.
1001 1460 1036 1505 2,
1069 1460 1142 1498 98:
1178 1461 1457 1510 «Aoniamque
1476 1459 1608 1499 libens
1627 1460 1716 1500 Gal-

232 1531 367 1579 liopea
406 1531 574 1585 lyram».
617 1530 752 1568 Aonia
794 1532 855 1568 est
895 1531 1006 1579 regio
1048 1531 1202 1568 montis
1239 1531 1463 1576 Heliconis,
1495 1529 1600 1568 sedis
1627 1530 1717 1570 Mu-

235 1613 381 1638 sarum.

303 1671 349 1709 V.
385 1671 549 1709 15—20.
579 1670 803 1708 Heliconia
844 1676 987 1720 tempe,
1028 1671 1146 1708 vallis
1176 1670 1249 1708 sub
1278 1672 1419 1710 monte
1446 1671 1645 1710 Helieone
1673 1672 1719 1712 in

232 1743 402 1781 Boeotia.
441 1741 585 1790 Tempe
614 1743 782 1779 vocatur
810 1741 975 1790 proprie
1015 1741 1133 1778 vallis
1169 1740 1306 1791 Penei,
1336 1740 1449 1779 fluvii
1483 1741 1717 1789 Thessaliae,

233 1813 467 1850 amoenitate
497 1812 733 1856 clarissima,
778 1811 847 1849 sed
889 1823 1041 1849 nomen
1070 1812 1315 1850 transfertur
1343 1811 1393 1850 ad
1424 1824 1719 1862 quamcumque

232 1884 379 1921 vallem
421 1894 637 1926 amoenam,
679 1884 724 1920 ut
765 1881 835 1920 Ov.
878 1882 985 1920 Fast.
1027 1882 1096 1920 IV.
1138 1883 1240 1921 477:
1288 1883 1450 1921 «Eloria
1487 1884 1646 1932 tempe»
1679 1884 1721 1922 et
1752 1899 1757 1903 ·

231 1954 326 1992 Met.
358 1953 445 1991 VH.
478 1953 550 1991 371
573 1966 581 1990 :
618 1951 817 2000 «Cycneia
845 1954 1018 2001 tempe».
1050 1974 1102 1978 —
1130 1954 1323 1999 surremit,
1351 1953 1518 2003 incepit,
1538 1955 1585 1992 ut
1611 1953 1720 1992 infra

231 2037 288 2063 vs.
319 2024 394 2061 27:
429 2023 530 2061 «Sex
559 2023 664 2060 mihi
693 2025 831 2071 surgat
851 2036 953 2072 opus
982 2023 1201 2061 numeris».
1233 2046 1285 2050 —
1313 2037 1422 2062 nova
1435 2025 1613 2080 payina.
1634 2036 1749 2080 ὣ
1760 2062 1762 2067 ,

232 2106 340 2139 men‚
382 2095 426 2131 ut
467 2093 583 2141 Verg.
626 2093 708 2131 Eol.
753 2094 787 2138 6,
827 2093 1006 2131 11—12:
1041 2106 1136 2132 »neo
1166 2093 1321 2132 Phoebo
1351 2084 1507 2142 gratior
1533 2094 1618 2134 ulla
1644 2097 1717 2140 est,
1783 2110 1786 2111 ⁷

234 2148 360 2211 Quam
394 2163 471 2202 sibi
501 2176 587 2212 quae
618 2164 715 2202 Vari
743 2164 996 2213 praesoripsit
1023 2164 1173 2213 pagina
1217 2176 1409 2203 nomen».
1439 2186 1492 2192 -
1519 2165 1722 2204 Attenuat
1755 2149 1757 2151 ι

233 2246 378 2273 nervos
405 2235 624 2283 proximus
655 2234 720 2272 ille
749 2246 869 2279 meos,
901 2246 954 2271 so.
985 2235 1252 2282 pentameter,
1284 2235 1353 2284 qui
1382 2247 1406 2272 a
1433 2235 1566 2284 poetis
1597 2235 1719 2274 eroti-
1780 2280 1786 2281 ἶ

234 2305 292 2343 cis
320 2317 460 2342 versus
489 2305 624 2342 mollis
653 2306 844 2350 voeatur;
875 2307 937 2342 est
965 2305 1077 2343 enim
1106 2304 1313 2343 distichon
1342 2305 1564 2353 elegiacum
1605 2317 1721 2354 argu-
1783 2302 1786 2330 ἕ

234 2376 383 2413 mentis
413 2376 625 2414 amatoriis
656 2377 928 2425 aptissimum.
951 2375 1009 2415 Cf.
1031 2376 1383 2414 Hermesianactis
1410 2388 1552 2415 versus
1581 2375 1717 2426 (apud.

234 2447 380 2486 Athen.
411 2446 520 2485 XHI.
552 2459 588 2496 p.
621 2447 709 2486 597.
739 2447 789 2497 F)
820 2446 868 2485 de
907 2446 1155 2485 Mimnermo
1197 2447 1445 2496 pentametri
1479 2447 1720 2485 inventore:

234 2516 305 2555 τὸν
333 2515 436 2570 ἡδὺν
465 2515 510 2559 ὃς
540 2515 689 2570 εὕρετο
719 2516 874 2557 πολλὸν
901 2513 1080 2560 ἀνατλὰς
1101 2507 1327 2570 Ἠχονκαὲ
1361 2502 1726 2570 μαλαᾷτοῦ»πνεῦμ’
1768 2535 1772 2545 ν

235 2582 319 2626 ἀπὸ
348 2586 660 2639 πενταμέτρου;
686 2588 805 2637 Prop.
836 2588 866 2626 Ι.
899 2588 935 2632 7,
967 2589 1040 2626 19;
1076 2588 1150 2626 «Et
1189 2587 1340 2625 frustra
1379 2588 1519 2637 cupies
1553 2586 1719 2626 mollem

236 2670 481 2707 componere
511 2671 696 2697 versum»
736 2660 776 2696 et
802 2659 854 2697 Π.
890 2659 922 2706 1,
954 2659 1000 2697 2:
1035 2658 1176 2697 «Unde
1203 2671 1318 2696 meus
1346 2658 1486 2696 veniat
1512 2657 1649 2696 mollis
1674 2656 1724 2698 in
1784 2678 1786 2682 ·

237 2739 309 2765 ora
333 2726 471 2765 liber».
503 2751 555 2754 „A
584 2729 772 2766 numeris
802 2729 1033 2775 levioribus,
1064 2728 1252 2766 distichis
1274 2728 1485 2775 elegiacis;
1507 2731 1733 2776 opponam'
