1786 3034
580 147 762 176 AMORUM
787 147 815 176 1.
844 145 939 176 3—4.
1473 131 1515 165 13

189 267 417 322 Virginea?
434 266 582 308 tenuit
613 279 780 308 cornua
812 278 918 306 vara
950 277 1113 305 manu:

129 345 222 388 Nos
253 347 434 400 quoque
459 357 541 398 per
570 345 717 385 totum
748 341 915 396 pariter
946 341 1226 384 cantabimur
1259 342 1422 391 orbem,
1476 358 1514 386 π

189 421 432 476 Iunctaque
465 434 641 474 semper
673 422 804 461 erunt
835 418 1022 460 nomina
1054 422 1207 461 nostra
1239 420 1340 461 tuis.

695 640 700 646 .
727 609 799 651 IV.

129 732 209 776 Vir
237 735 342 775 tuus
375 734 441 774 est
475 731 629 785 epulas
663 730 792 772 nobis
826 729 1028 771 aditurus
1063 729 1266 772 easdem:

190 809 362 852 Ultima·
391 822 517 850 coena
547 810 626 850 tuo
661 807 729 857 sit,
765 820 934 861 precor,
969 807 1048 848 illa
1079 807 1188 849 viro,

128 887 245 942 Ergo
278 899 360 940 ego
393 885 601 928 dilectam
631 884 810 926 tantum
843 884 1030 927 con-viva
1061 885 1274 938 puellam

187 963 477 1019 AdspiciamP
508 962 634 1016 tangi
666 975 797 1016 quem
830 962 964 1011 iuvet,
1000 962 1114 1003 alter
1151 962 1246 1012 erit,

127 1041 410 1096 Alteriusque
444 1041 570 1084 sinus
604 1042 703 1094 apte
738 1040 936 1081 subiecta
969 1039 1174 1081 fovebis?
1494 1060 1511 1083 5

187 1117 347 1160 Iniciet
379 1118 509 1167 eollo,
543 1131 643 1160 cum
676 1118 808 1167 volet,
843 1117 919 1158 ille
952 1119 1171 1159 manum?

128 1195 294 1238 Desine
325 1195 490 1245 mirari,
525 1195 673 1249 posito
707 1194 825 1249 quod
863 1194 1052 1236 candida
1083 1194 1187 1236 vino

188 1273 360 1316 Atracis
384 1273 616 1327 ambiguos
637 1272 770 1314 traxit
793 1272 842 1313 in
865 1285 989 1314 arma
1010 1272 1153 1321 viros:
1238 1273 1448 1323 [haerentz

71 1387 74 1392 ,
126 1351 218 1393 Nec
247 1351 360 1392 mihi
383 1350 506 1392 silva
538 1350 708 1400 domus,
743 1364 825 1391 nec
858 1363 971 1404 equo
1003 1363 1105 1391 mea
1147 1349 1347 1390 membra
1380 1363 1450 1391 co-

184 1427 269 1471 Vix
300 1442 326 1470 a
348 1431 394 1471 te
415 1427 570 1470 videor
599 1441 730 1482 posse
762 1430 914 1469 tenere
946 1441 1121 1469 manus.
1472 1447 1509 1471 ιο

129 1503 236 1557 Quae
265 1504 350 1548 tibi
381 1505 473 1547 sint
506 1504 710 1546 facienda
740 1507 905 1554 tamen,
942 1517 1157 1557 cognosce
1175 1518 1255 1545 nec
1288 1504 1419 1545 Euris

185 1581 255 1624 Da
284 1595 384 1624 mea
415 1595 498 1623 nec
528 1581 692 1635 tepidis
723 1581 858 1623 verba
889 1581 1069 1622 ferenda
1101 1581 1255 1623 Notis!

125 1658 241 1700 Ante
271 1658 388 1706 veni,
424 1671 557 1712 quam
587 1658 681 1699 vir!
713 1671 795 1699 nec
828 1657 945 1712 quid,
981 1658 1019 1699 si
1050 1657 1225 1700 veneris
1259 1659 1374 1707 ante,

186 1735 334 1776 Possit
365 1734 448 1789 agi,
483 1733 624 1785 video,
661 1734 738 1776 sed
768 1737 921 1776 tamen
954 1737 1056 1776 ante
1088 1735 1217 1778 veni!

125 1811 236 1856 Cum
257 1815 430 1868 premet
450 1813 527 1855 ille
547 1816 709 1864 torum,
733 1814 862 1855 vultu
882 1827 1030 1856 comes
1062 1814 1161 1868 ipsa
1181 1813 1383 1855 modesto
1471 1833 1507 1856 ιε

185 1890 290 1942 Ibis,
322 1892 372 1932 ut
405 1890 650 1941 accumbas,
686 1891 802 1933 clam
833 1891 946 1932 mihi
976 1893 1109 1944 tange
1142 1890 1325 1945 pedem3

124 1968 197 2010 Me
229 1971 380 2023 specta
410 1970 634 2023 nutusque
665 1981 791 2010 meos
823 1968 1083 2023 vultumque
1115 1970 1360 2023 loquacem,

182 2046 343 2101 Excipe
375 2046 563 2088 furtivas
596 2048 640 2087 et
671 2047 787 2088 refer
819 2046 916 2100 ipsa
948 2047 1104 2089 notas!

123 2122 268 2166 Verba
299 2123 550 2178 superciliis
583 2123 680 2165 sine
711 2136 817 2166 voce
850 2124 1082 2178 loquentia
1114 2123 1283 2166 dicam:

179 2199 327 2243 Verba
358 2201 477 2255 leges
511 2201 675 2255 digitis,
710 2201 845 2243 verba
875 2204 1031 2243 notata
1063 2216 1198 2244 mero.
1468 2221 1506 2246 20

124 2275 235 2319 Cum
266 2277 349 2320 tibi
381 2282 605 2320 succurret
636 2279 823 2321 Veneris
855 2280 1038 2322 lascivia
1068 2284 1245 2329 nostrae,

179 2354 429 2409 Purpureas
460 2357 614 2398 tenero
646 2357 808 2411 pollice
840 2360 972 2411 tange
1007 2371 1165 2411 genas3

124 2429 280 2487 Siquid
311 2433 407 2484 erit,
441 2433 494 2475 de
525 2447 596 2476 me
628 2434 765 2475 tacita
797 2434 915 2489 quod
946 2437 1094 2476 mente
1127 2436 1338 2490 queraris,

180 2508 374 2552 Pendeat
407 2514 602 2553 extrema
632 2512 783 2553 mollis
817 2512 871 2552 ab
905 2525 1009 2553 aure
1041 2525 1226 2561 manus;

125 2583 236 2628 Cum
258 2587 468 2642 tibi,‘quae
491 2589 664 2638 faciam,
683 2602 783 2631 mea
804 2589 891 2639 lux,
916 2589 1126 2639 dicamve‚
1151 2590 1400 2643 placebunt,
1465 2609 1503 2634 25

181 2662 391 2708 Versetur
422 2664 571 2719 digitis
605 2666 766 2706 anulus
798 2679 936 2720 usque
969 2667 1084 2708 tuis!
