1786 3034
12 0 218 86 5⁹³¹
259 2 264 6 .
323 6 327 9 ,
363 6 367 8 ,

557 187 737 216 monum
762 186 829 214 m.
858 184 916 215 11.
1444 167 1488 202 87

95 307 182 351 His
212 310 258 350 et
289 320 386 362 quae
418 309 547 348 taceo
580 305 736 347 duravi
770 318 885 358 saepe
918 303 1140 345 ferendis:

156 385 312 439 Quaere
345 385 485 428 alium
515 398 596 439 pro
628 398 713 433 me,
748 383 824 437 qui
858 385 992 437 queat
1023 383 1112 423 ista
1144 382 1262 435 path

95 464 194 507 Iam
223 477 324 507 mea
353 463 503 506 votiva,
532 462 696 517 puppis
729 461 938 503 redimita
970 473 1138 502 corona

153 541 298 584 Lenta
325 541 625 583 tumeseenfies
658 539 847 593 aequoris
883 536 1007 579 audit
1044 548 1198 590 aquae.
1450 553 1489 577 30

95 619 262 661 Desine
293 603 536 660 blanditias
568 619 611 659 eh
643 617 786 667 verba,
822 615 1025 670 potent-ia
1058 613 1296 668 quondam,

157 694 370 737 Perdere:
402 708 496 736 non
529 707 610 748 ego
644 707 743 735 sum
776 693 952 742 stultus,
987 694 1037 733 ut
1070 693 1172 732 ante
1206 690 1283 731 fui.

675 884 737 925 XI
750 881 804 925 Β.

100 1006 351 1059 Luctantur
380 1007 621 1059 pectusque
654 1005 748 1045 leve
782 1004 829 1045 in
863 1004 1088 1045 contraria
1120 1002 1311 1044 tendunt

160 1083 258 1126 Hae
290 1096 417 1125 amor
447 1083 532 1124 hae
566 1081 730 1130 odium,
766 1080 855 1130 sed,
890 1083 1012 1134 puto,
1045 1080 1183 1121 vincit
1216 1092 1352 1120 amor.

103 1160 260 1211 Odero,
295 1161 334 1202 si
365 1162 546 1214 potero;
582 1159 620 1200 si
652 1173 758 1207 non,
792 1158 960 1199 invitus
993 1158 1178 1199 amabo:
1451 1176 1488 1199 35

162 1239 251 1281 Nec
282 1238 387 1292 iuga
417 1239 572 1278 taurus
605 1238 750 1285 amat3
785 1249 881 1289 quae
913 1238 1065 1276 tamen
1099 1234 1204 1282 odi‘c-‚
1239 1234 1383 1275 habet.

62 1335 80 1359 ις
102 1314 358 1370 Nequitiam
389 1313 540 1367 fugio:
572 1313 820 1367 fugientem
853 1314 998 1354 forma
1028 1312 1199 1354 redueit-
1216 1327 1226 1361 ;

162 1393 352 1435 Aversor
382 1405 560 1434 morum
593 1391 807 1433 crimina:
841 1405 1000 1444 eorpus
1034 1405 1133 1432 amo
1150 1405 1160 1439 ;

107 1469 179 1514 Sic
211 1484 292 1525 ego
324 1483 406 1512 nee
440 1469 537 1511 sine
569 1471 612 1511 te
644 1483 726 1510 nee
757 1472 906 1511 tecum
936 1470 1082 1510 vivere
1113 1482 1298 1522 possum

163 1549 222 1591 Et
252 1548 406 1591 videor
436 1547 528 1590 voti
559 1547 737 1588 nescius
771 1560 866 1587 esse
898 1547 1000 1588 mei.
1452 1564 1490 1588 ιο

104 1627 194 1669 Aut
214 1627 412 1669 formosa¹
426 1626 544 1667 fores
566 1624 728 1675 minus,
747 1627 824 1666 aut
845 1625 995 1666 minus
1019 1624 1218 1678 inproba,
1243 1623 1404 1664 vellem
1421 1638 1430 1663 :

43 1724 82 1748 10
163 1704 264 1746 Non
295 1703 404 1745 facit
435 1702 492 1744 ad
521 1715 669 1743 mores
701 1703 795 1743 tam
827 1702 945 1743 bona
978 1703 1121 1743 forma
1153 1701 1308 1743 malos.

102 1781 240 1825 Facta
271 1783 444 1823 merent
477 1780 643 1829 odium,
678 1780 813 1821 facies
847 1783 998 1821 exorat
1030 1792 1252 1820 amorem:

162 1858 235 1901 Me-
267 1858 504 1900 miserum!
536 1857 656 1899 vit-iis
688 1858 791 1911 plus
823 1858 941 1899 valet
972 1857 1051 1898 illa
1084 1857 1202 1898 suis!

77 1935 252 1986 .Paree‚
285 1950 365 1990 per
399 1949 424 1978 o
457 1936 561 1977 lecti
596 1935 780 1977 socialia
810 1935 919 1985 iura,
954 1948 1033 1989 per
1066 1934 1225 1978 omnis.
1452 1953 1489 1976 ιε.

167 2013 253 2066 Qui
285 2013 395 2056 dant
428 2014 648 2055 fallendos
678 2027 723 2055 se
756 2013 839 2055 tibi
871 2027 999 2066 saepe,
1036 2012 1142 2054 deos

43 2111 81 2135 ιε
103 2091 274 2147 Perque
306 2094 431 2133 tuam
463 2091 635 2140 faeiem,
670 2091 822 2144 magni
854 2090 966 2132 mihi
999 2090 1200 2130 numinis
1233 2089 1388 2137 inst-ar,

162 2169 332 2223 Perque
364 2172 467 2211 tuos
501 2169 665 2218 oculos,
702 2169 777 2222 qui
809 2181 996 2222 rapuere
1029 2168 1179 2208 meos!

69 2243 78 2253 “
106 2245 330 2302 Quidquid
362 2246 461 2295 eris,
495 2260 595 2287 mea
629 2259 805 2299 semper
838 2246 950 2296 eris;
986 2248 1035 2286 tu
1069 2244 1205 2297 selige
1239 2246 1427 2293 tantum,

164 2323 237 2366 Me
269 2337 444 2378 quoque
478 2323 593 2365 velle
627 2324 749 2374 velis,
787 2337 903 2365 anne
936 2327 1116 2365 coaetus
1150 2323 1322 2364 amem!
1452 2340 1490 2365 50

103 2401 266 2443 Lintea
296 2401 397 2443 dem
429 2401 580 2456 potius
612 2402 846 2455 ventisque
880 2400 1125 2442 ferentibus
1158 2403 1269 2449 utar,

25 2478 82 2522 '20
166 2478 321 2530 Quam,
357 2480 558 2534 quamvis
590 2479 745 2526 nolim,
781 2492 923 2532 cogar,
957 2493 1104 2520 amare
1137 2479 1284 2520 velim.
