1786 3034
584 184 764 226 ΔΜοΒυΜ
790 198 856 226 111.
883 196 917 226 9.
1461 183 1506 217 67

144 334 147 338 ’
179 315 333 372 Deque
364 316 478 359 meis
509 314 718 357 manibus
749 315 847 356 lora
878 315 1066 356 remissa
1096 314 1248 356 fluent.

113 392 178 436 At
207 406 343 448 quam
372 394 500 448 paene
530 393 691 447 Pelops
722 393 865 434 Pisaea
897 392 1090 434 concidit·
1121 393 1264 443 hasta,
1469 414 1505 437 15

178 470 300 514 Dum
331 473 502 526 spectat
532 471 695 521 vultus,
728 470 1044 524 Hippodamia,
1078 472 1204 512 tuos!

112 549 290 604 Nempe
321 549 472 591 favore
504 562 595 590 suae
626 548 733 590 vicit
765 551 919 590 tamen
953 548 1027 590 ille
1059 549 1235 602 puellae.

181 626 426 670 Vincamus
457 627 651 669 dominae
686 627 873 681 quisque
905 627 1057 668 favore
1091 630 1204 670 suae!

120 704 241 758 Quid
270 705 438 747 frustra
468 699 668 759 refugis?
700 705 817 758 cogit
849 718 931 746 nos
964 705 1084 746 linea
1115 705 1267 758 iungi:

179 782 288 825 Haec
319 783 368 825 in
399 783 497 836 lege
530 782 618 824 loci
650 781 887 823 commoda
920 782 1063 823 circus
1094 782 1242 824 habet.
1470 802 1508 827 20

105 843 188 903 *Tu
218 863 384 910 tamen,
419 874 446 902 a
476 859 630 902 dextra
662 860 927 914 quicumque
959 874 1018 909 es,
1053 854 1182 914 parce
1214 861 1397 914 puellae:

183 937 403 999 Contactu
431 938 587 980 lateris
618 936 797 979 laeditur
828 937 917 978 ista
948 937 1028 978 tui.

79 1012 89 1039 ³
115 1018 189 1060 *su
209 1031 398 1074 quoque,
417 1018 494 1073 qui
516 1011 690 1072 spectas
713 1020 817 1071 post
840 1030 938 1068 nos,
957 1019 1035 1058 tua
1057 1017 1272 1058 contrahe
1295 1030 1432 1067 crura,

184 1094 232 1138 Si
262 1095 407 1150 pudor
438 1097 518 1146 est,
552 1094 696 1149 rigido
729 1108 812 1137 nec
844 1107 998 1148 preme
1030 1096 1155 1148 terga
1186 1095 1328 1148 genu!

29 1175 42 1185 ‘
119 1171 208 1216 Sed
240 1172 434 1215 nimium
464 1173 660 1215 demissa
692 1172 840 1214 iacent
871 1172 953 1214 tibi
983 1172 1124 1226 pallia
1155 1175 1300 1214 terra:
1472 1192 1508 1216 25

184 1248 382 1305 Gollige;
415 1251 488 1293 vel
519 1249 672 1304 digitis
706 1263 762 1291 en
795 1263 875 1304 ego
908 1249 1018 1291 tollo
1052 1250 1177 1292 meis.

117 1326 283 1370 Invida
312 1328 450 1371 vestis
483 1340 595 1377 erasi,
620 1340 716 1382 quae
749 1329 843 1368 tam
874 1326 994 1368 bona
1025 1341 1154 1369 crura
1184 1328 1389 1383 tegebas;

185 1393 369 1461 Quoque
399 1405 544 1460 magis
577 1408 751 1459 spectes
783 1430 842 1433 ——
872 1404 1026 1447 invida
1058 1407 1195 1448 vestis
1229 1420 1340 1449 eras.

116 1484 249 1527 Talia
278 1483 502 1526 Milanion
532 1483 767 1524 Atalantes
801 1495 930 1524 crura
960 1483 1131 1536 fugacis

184 1561 366 1616 Optavit
396 1561 605 1603 manibus
639 1561 910 1603 sustinuisse
943 1560 1060 1611 suis;
1472 1583 1511 1607 ao

117 1639 251 1682 Talia
279 1639 528 1694 pinguntur
560 1639 794 1680 succinctae
827 1652 956 1680 crura
986 1639 1156 1689 Dianae,

184 1715 298 1759 Cum
329 1717 530 1772 sequitur
560 1716 697 1758 fortes
730 1716 889 1757 fortior
919 1716 1018 1770 ipsa
1049 1717 1177 1758 feras.

116 1793 209 1838 His
243 1807 324 1850 ego
356 1808 450 1837 non
481 1793 589 1836 visis
623 1794 711 1836 arsi
728 1809 738 1844 ;
773 1794 879 1849 quid
909 1793 986 1836 fiet
1018 1794 1072 1835 ab
1105 1794 1250 1848 ipsis?

185 1871 239 1914 In
269 1871 501 1914 flammam
532 1871 751 1922 flammas,
786 1872 835 1913 in
869 1885 992 1913 mare
1026 1871 1175 1914 fundis
1208 1886 1358 1927 aquas.

122 1948 339 2005 Suspicor
370 1963 423 1992 ex
452 1949 555 1992 istis
589 1953 634 1991 et
665 1952 813 1992 cetera
844 1963 976 2004 posse
1008 1950 1196 2004 placere,
1473 1971 1511 1995 35

185 2028 292 2081 Quae
324 2027 438 2071 bene
473 2028 555 2070 sub
587 2027 712 2070 tenui
747 2027 928 2069 condita
959 2031 1081 2070 veste
1112 2029 1269 2070 latent.

117 2107 202 2151 Vis
234 2110 387 2151 tamen
419 2109 592 2150 interea
624 2107 777 2149 faciles
810 2120 1030 2149 arcessere
1062 2109 1253 2148 ventos?

185 2184 306 2237 Quos
338 2185 472 2227 faciet
503 2187 658 2226 nostra
688 2187 812 2227 mota
843 2185 1009 2227 tabella
1040 2197 1192 2226 manu.

118 2262 195 2304 An
225 2263 369 2317 magis
401 2262 474 2305 hic
505 2275 632 2304 meus
665 2265 732 2304 est
763 2262 916 2312 animi,
950 2275 1044 2303 non
1078 2260 1192 2302 aeris
1224 2264 1370 2312 aestus,

186 2338 412 2395 Captaque
444 2339 667 2382 femineus
698 2342 880 2394 pectora
911 2340 1049 2380 torret
1082 2340 1239 2379 amor?
1474 2358 1512 2382 40

122 2417 246 2460 Dum
277 2417 447 2472 loquor,
474 2417 575 2459 alba
606 2416 695 2458 levi
729 2418 928 2470 sparsast
960 2415 1043 2457 tibi
1075 2416 1258 2469 pulvere
1290 2415 1452 2458 vestis:

189 2492 373 2537 Sordide
407 2494 459 2536 de
491 2495 622 2536 niveo
656 2507 841 2548 corpore
873 2494 1021 2547 pulvis
1055 2493 1152 2535 abi!

122 2569 216 2613 Sed
244 2571 336 2613 iam
368 2584 534 2625 pompa
565 2571 712 2612 venit:
736 2570 904 2625 linguis
939 2571 1189 2624 animisque
1223 2570 1392 2612 favete!

188 2647 379 2702 Tempus
412 2647 537 2690 adest
568 2648 779 2702 plausus:
814 2646 948 2689 aurea
979 2660 1146 2701 pompa
1176 2647 1313 2688 venit.

119 2725 278 2768 Prima
307 2726 405 2768 loco
438 2726 578 2768 fertur
609 2725 754 2779 passis
785 2725 982 2767 Victoria
1013 2724 1192 2779 pinnis:
1475 2743 1512 2767 ιε

1324 2805 1369 2839 5*
