1786 3034
245 149 289 183 52
811 156 989 188 AMORUM
1014 160 1061 187 11.
1091 158 1160 188 11.'

421 279 477 321 Et
506 292 642 334 prope
672 280 765 320 tam
796 278 946 328 letum,
982 290 1113 331 quam
1144 289 1280 330 prope
1315 276 1454 318 cernit
1477 261 1666 332 aquarn.v

364 356 491 407 Quod
523 357 560 397 si
592 368 828 396 concussas
860 354 1012 395 Triton
1045 355 1272 406 exasperet
1302 352 1456 402 undas,

423 420 564 484 Quam
594 432 677 474 tibi
709 432 766 472 sit
795 433 889 472 toto
922 430 1072 472 nullus
1104 430 1152 471 in
1185 442 1258 470 ore
1292 429 1435 471 color!
1494 435 1496 438 ’
1525 439 1528 442 ·

363 510 472 551 Tum
504 522 718 563 generosa
750 521 878 549 voces
912 506 1110 548 fecundae
1144 506 1289 547 sidera
1319 505 1449 547 Ledae

303 606 340 630 30
421 587 476 628 Et
514 586 682 635 «felix»,
719 585 838 626 dicas
877 598 1032 659 «quem
1065 597 1145 625 sua
1175 586 1294 625 terra
1324 584 1496 626 tenetbv

364 663 517 704 Tutius
550 665 616 703 est
647 663 809 703 fovisse
841 663 1000 711 torum,
1035 660 1197 713 legisse
1229 659 1418 710 libellos,

423 738 667 780 Threiciam
699 738 848 791 digitis
881 737 1153 791 increpuisse
1185 737 1341 791 lyram.

363 816 428 865 At,
467 816 504 857 si
534 829 648 856 vana
679 816 826 856 ferunt
857 815 1057 856 volucres
1089 827 1189 855 mea
1220 814 1337 855 dicta
1371 798 1594 868 ·procellae‚‘

422 893 573 947 Aequa
602 895 753 934 tamen
784 893 925 946 puppi
958 892 1014 933 sit
1047 891 1232 934 Galatea
1261 891 1376 933 tuae!

304 989 340 1012 35
364 969 568 1010 Vestrum
600 970 767 1010 crimen
799 969 883 1010 erit
911 968 1015 1010 talis
1047 969 1216 1010 iactura
1246 967 1417 1021 puellae,

423 1046 718 1099 Nereidesque
752 1045 842 1087 deae
874 1045 1196 1098 Nereidumque
1228 1046 1366 1098 pater.

364 1122 482 1164 Vade
514 1136 684 1163 memor
714 1123 856 1163 nostri
886 1124 1018 1163 vento
1050 1121 1244 1162 reditura
1277 1120 1481 1169 secundo,

423 1199 597 1252 Inpleat
628 1199 707 1239 illa
736 1201 837 1239 tuos
869 1199 1025 1240 fortior
1057 1211 1164 1239 aura
1195 1197 1348 1239 sinus!

366 1275 475 1316 Tum
506 1290 625 1317 mare
656 1276 705 1316 in
736 1276 829 1316 haec
859 1288 1046 1328 magnus
1068 1274 1287 1328 proclinet
1317 1273 1450 1314 litora
1480 1273 1661 1323 Nereus,

307 1371 343 1395 40
424 1352 524 1393 Huc
554 1353 675 1394 venti
708 1353 888 1406 spirent,
923 1353 1009 1392 huc
1042 1354 1144 1404 agat
1175 1353 1308 1392 aestus
1341 1351 1504 1404 aquas!

365 1429 468 1481 Ipsa
498 1442 636 1481 roges,
671 1428 860 1482 Zephyri
891 1429 1073 1470 veniant
1104 1429 1153 1469 in
1186 1428 1325 1469 lintea
1357 1428 1452 1477 soli,

425 1504 528 1558 Ipsa
558 1507 636 1546 tua
666 1519 843 1546 moveas
874 1505 1052 1559 turgida
1081 1506 1180 1546 vela
1211 1519 1360 1546 manu.

366 1582 538 1623 Primus
571 1595 650 1635 ego
685 1581 924 1635 adspiciam
956 1583 1110 1622 notam
1144 1581 1196 1622 de
1228 1581 1357 1622 litore
1389 1570 1613 1634 puppim*

426 1657 482 1698 Et
513 1657 655 1699 dicam
693 1660 893 1699 «nostros
926 1657 1105 1699 advehit
1134 1658 1215 1699 illa
1247 1657 1375 1698 deos»

307 1754 342 1777 ιτ.
365 1735 677 1788 Excipiamque
710 1735 873 1776 umeris
907 1737 949 1776 et
980 1735 1122 1776 multa
1154 1735 1250 1775 sine
1285 1733 1437 1775 ordine
1470 1746 1647 1787 carpam

427 1810 611 1853 Oscula:
642 1824 722 1864 pro
755 1810 898 1851 reditu
927 1811 1107 1852 victima
1137 1813 1240 1852 vota
1272 1809 1407 1859 cadet,

365 1886 503 1940 Inque
534 1887 621 1928 tori
653 1888 839 1928 formam
870 1887 1027 1928 molles
1061 1889 1314 1928 sternentur
1343 1887 1532 1935 harenae,

425 1962 480 2003 Et
509 1963 707 2003 tumulus
739 1976 903 2003 mensae
937 1963 1121 2016 quilibet
1151 1963 1295 2003 instar
1326 1961 1421 2003 erit.

367 2038 463 2078 Illic
496 2037 696 2091 adposito
728 2038 928 2079 narrabis
960 2038 1102 2079 multa
1132 2037 1289 2091 Lyaeo:

307 2134 344 2157 50
391 2093 396 2105 ,
426 2115 554 2155 Peene
588 2115 645 2156 sit
675 2117 725 2156 ut
755 2114 913 2155 mediis
947 2115 1103 2155 obruta
1133 2114 1261 2156 navis
1297 2115 1433 2168 aquis,

367 2191 568 2244 Dumque
600 2191 656 2232 ad
686 2205 756 2232 me
778 2204 999 2245 properas,
1024 2205 1165 2245 neque
1188 2192 1351 2246 iniquae
1371 2194 1571 2244 tempora
1592 2191 1739 2233 noetis
1764 2102 1786 2265 3

426 2266 514 2307 Nec
545 2270 587 2307 te
618 2267 864 2320 praecipites
898 2268 1149 2308 extimuisse
1182 2268 1332 2309 Notos.
1768 2259 1786 2322 3

372 2341 531 2383 Omnia
561 2356 641 2396 pro
673 2344 788 2384 veris
821 2343 1006 2392 credam,
1038 2344 1126 2385 sint
1156 2343 1259 2385 ficta
1290 2343 1462 2384 licebit:
1772 2324 1786 2422 3

429 2419 515 2461 Cur
547 2433 625 2473 ego
657 2434 749 2462 non
781 2421 894 2462 votis
926 2420 1129 2477 blandiar
1159 2421 1254 2474 ipse
1286 2420 1431 2461 meis?
1740 2422 1786 2510 3

309 2516 346 2539 55
369 2497 474 2538 Haec
504 2498 617 2539 mihi
648 2498 974 2552 quamprimum
1006 2498 1110 2538 caelo
1143 2496 1440 2538 nitidissimus
1473 2497 1594 2537 alto

428 2572 604 2614 Lucifer
635 2573 827 2615 admisso
859 2576 1059 2627 tempora
1090 2575 1234 2627 portet
1266 2572 1416 2626 equo!
1754 2523 1786 2754 3
