1786 3034
241 167 287 202 86
803 181 982 210 AMORUM
1006 175 1073 210 111.
1103 180 1158 211 11.

420 298 659 352 Regnaque
693 290 824 352 quam
856 298 968 339 Iuno
1002 301 1118 340 sorte
1150 300 1323 340 minore
1354 294 1514 353 regat?

362 374 494 416 Festa
516 373 608 415 dies
629 367 931 428 Veneremque
953 377 1079 416 vocat
1101 377 1341 428 cantusque
1362 366 1647 431 merumque:

423 451 528 492 Haec
561 450 684 492 decet
717 451 770 492 ad
804 451 1010 492 dominos
1042 465 1227 505 munera
1259 452 1371 493 ferre
1404 446 1525 494 deos.
1570 472 1575 476 ·

320 635 329 658 ²
920 639 982 681 XI
1008 638 1061 682 A.

365 761 509 803 Multa
541 761 702 815 diuque
733 761 840 802 tuli:
874 761 1000 802 vitiis
1025 762 1240 814 patientia
1271 762 1453 830 victast;

427 836 539 879 Cede
573 837 756 890 fatigato
788 827 975 890 pectore,
1009 839 1151 891 turpis
1184 840 1333 881 amor!

370 913 544 956 Scilicet
577 913 752 955 adserui
783 915 872 955 iam
904 928 974 955 me
1007 915 1185 968 fugique
1218 918 1409 966 catenas,

428 990 485 1031 Et
517 1004 611 1043 quae
643 1004 735 1032 non
767 990 926 1043 puduit
956 991 1081 1039 ferre,
1115 980 1270 1033 tulisse
1301 992 1465 1046 pudet.¹

329 1087 346 1110 5
369 1067 566 1109 Vicimus
599 1069 642 1108 et
673 1067 892 1109 domitum
925 1067 1110 1121 pedibus
1143 1069 1364 1111 calcamus
1397 1069 1593 1114 amorem
1608 1087 1628 1129 :y

429 1143 657 1184 Venerunt
689 1145 822 1197 capiti
855 1158 1019 1185 cornua
1053 1133 1290 1188 serameO.

371 1220 520 1261 Perfer
551 1222 594 1260 et
628 1219 820 1262 obdura!
854 1220 980 1261 dolor
1012 1221 1084 1262 hic
1114 1221 1197 1262 tibi
1228 1222 1425 1274 proderit
1457 1224 1593 1266 olim:

433 1297 556 1351 Saepe
587 1298 690 1339 tulit
721 1298 850 1339 lassis
883 1312 1012 1339 sucus
1045 1311 1220 1340 amarus
1253 1312 1393 1353 opem.

373 1375 489 1428 Ergo
522 1388 601 1428 ego
635 1375 840 1424 sustinui,
874 1375 1042 1416 foribus
1073 1377 1165 1416 tam
1199 1389 1312 1429 saepe
1344 1377 1561 1431 repulsus,

315 1471 352 1495 ιο
433 1451 682 1505 Ingenuum
714 1451 824 1492 dura·
853 1465 1016 1505 ponere
1049 1465 1206 1505 corpus
1238 1453 1408 1495 humo?

376 1529 492 1582 Ergo
526 1541 606 1581 ego
639 1527 790 1568 nescio
824 1527 905 1575 cui,
941 1541 1072 1581 quem
1102 1530 1153 1569 tu
1185 1529 1398 1583 conplexa
1427 1531 1621 1582 tenebas,

435 1603 632 1645 Excubui
665 1605 872 1653 clausam,
908 1618 1056 1646 servus
1088 1607 1150 1656 ut,
1184 1608 1285 1647 ante
1318 1588 1528 1650 domum?

377 1681 491 1731 Vidi,
526 1694 625 1722 cum
657 1682 823 1722 foribus
855 1681 1000 1723 lassus
1032 1683 1228 1735 prodiret
1259 1686 1440 1734 amator,

437 1758 688 1799 Invalidum
719 1759 916 1799 referens
949 1759 1268 1814 emeritumque
1299 1761 1428 1802 latus.

321 1854 355 1878 15
377 1834 474 1875 Hoc
506 1836 656 1875 tamen
689 1836 755 1875 est
785 1834 939 1884 levius,
965 1848 1096 1888 quam
1130 1835 1248 1888 quod
1280 1849 1378 1877 sum
1398 1837 1519 1878 visus
1552 1837 1606 1879 ab
1637 1837 1716 1880 illo
1731 1851 1759 1891 ει

437 1910 624 1951 Eveniat
654 1910 819 1951 nostris
852 1910 1053 1952 hostibus
1085 1911 1161 1952 ille
1192 1911 1361 1964 pudor!

382 1986 567 2037 Quando
601 2001 680 2039 ego
713 2000 804 2027 non
835 1986 945 2028 fixus
978 1987 1107 2029 lateri
1138 1989 1359 2041 patienter
1390 1989 1566 2040 adhaesi,

439 2063 539 2115 Ipse
569 2065 672 2104 tuus
706 2066 865 2112 custos,
899 2063 994 2116 ipse
1026 2065 1103 2112 vir,
1137 2065 1231 2118 ipse
1264 2068 1443 2107 comes?
1499 2076 1501 2079 ·
1579 2050 1581 2052 Ι

383 2139 558 2181 Scilicet
591 2142 632 2180 et
663 2140 827 2193 populo
859 2154 938 2194 per
968 2154 1038 2182 me
1072 2142 1281 2182 comitata
1310 2142 1541 2195 placebas:

323 2235 360 2260 20
442 2215 584 2257 Causa
615 2217 699 2258 fuit
730 2217 882 2258 multis
914 2220 1066 2258 noster
1097 2217 1260 2258 amoris
1293 2201 1451 2260 amor.v

383 2293 546 2346 Turpia
579 2293 682 2346 quid
713 2293 901 2335 referam
932 2307 1056 2335 vanae
1087 2293 1319 2335 mendacia
1348 2294 1512 2348 linguae

442 2370 498 2410 Et
528 2371 773 2423 periuratos
805 2371 852 2411 in
884 2383 983 2412 mea
1014 2370 1176 2412 damna
1208 2370 1343 2412 deos?

388 2445 502 2496 Quid
534 2447 744 2487 iuvenum
773 2446 932 2487 tacitos
964 2447 1080 2487 inter
1113 2446 1314 2488 convivia
1344 2450 1479 2489 nutus

444 2521 670 2575 Verbaque
704 2522 946 2581 conpositis
979 2521 1256 2563 dissimulata
1287 2523 1441 2566 notis?

326 2617 363 2641 25
386 2597 513 2639 Dicta
545 2600 638 2639 erat
669 2612 783 2651 aegra
813 2598 950 2640 mihi:
982 2612 1173 2652 praeceps
1206 2613 1444 2653 amensque
1476 2600 1673 2650 cucurri3

444 2674 568 2723 Veni,
604 2678 646 2716 et
676 2675 804 2716 rivali
835 2688 927 2716 non
958 2673 1050 2716 erat
1081 2689 1196 2728 aegra
1225 2689 1336 2718 meo.
