1786 3034
254 149 298 183 72
806 162 985 191 monum
1009 162 1073 191 111.
1101 161 1194 191 4-5.

427 279 481 320 In
511 279 689 320 laudem
721 279 835 320 servi
866 281 988 320 casta
1020 279 1078 320 sit
1109 278 1189 319 illa
1220 278 1287 319 tui
1303 280 1324 319 i>
1737 326 1745 330 „

371 355 579 397 Rusticus
613 358 679 397 est
710 355 913 405 nimium,
938 369 1068 409 quem
1099 354 1220 396 laedit
1252 355 1452 396 adultera
1473 354 1677 404 coniunx,
1725 383 1743 409 ‘2-

429 433 485 474 Et
516 436 646 474 notos
678 445 825 473 mores
857 445 948 474 non
982 433 1088 473 satis
1121 432 1250 474 Urbis
1282 431 1428 481 habet,

370 509 425 550 In
458 522 543 563 qua
573 509 831 563 Martigenae
863 523 955 551 non
989 510 1222 551 sunt-'sine
1254 509 1438 550 crimine
1468 508 1563 551 nati

309 605 348 629 40
376 630 382 652 J
428 586 644 628 Romulus
675 586 838 628 Iliades
868 586 1118 640 Iliadesque
1149 586 1326 628 Remus,

372 660 467 712 Quo
500 662 583 703 tibi
615 663 870 712 formosam,
905 663 942 703 si
973 675 1065 703 non
1097 662 1186 703 nisi
1217 664 1338 703 casta
1368 661 1602 715 placebat?

427 738 527 779 Non
558 741 745 791 possunt
775 737 880 778 ullis
911 738 998 779 ista
1029 738 1145 779 coire
1176 737 1347 780 modis!

371 813 417 856 Si
451 815 581 868 sapis,
616 815 797 868 indulge
831 814 1020 856 dominae
1052 815 1286 868 vultusque
1320 827 1494 856 severos
1534 798 1535 802 Ἰ

428 892 548 933 Exue
580 905 661 933 nec
693 891 824 944 rigidi
856 892 952 932 iura
982 894 1105 933 tuere
1137 892 1219 933 viri
1727 939 1730 941 Α
1759 947 1760 950 ¹

309 987 346 1011 45
369 967 426 1008 Et
457 968 564 1018 cole,
600 981 708 1020 quos
741 967 910 1008 dederit
942 968 1123 1019 (multos
1155 967 1291 1020 dabit)
1322 981 1442 1017 uxor,
1477 967 1667 1010 amicos:
1694 970 1695 974 ’

430 1044 584 1086 Gratia
616 1045 677 1086 sic
708 1044 896 1085 minimo
928 1057 1090 1098 magna
1120 1044 1271 1086 labore
1301 1044 1445 1093 venit;
1747 1027 1753 1031 ‚

371 1121 441 1164 Sic
472 1123 638 1176 poteris
671 1122 883 1164 iuvenum
914 1122 1115 1163 convivia
1147 1135 1320 1176 semper
1349 1122 1463 1163 inire

428 1200 495 1250 Et,
531 1213 625 1254 quae
657 1213 751 1241 non
782 1199 966 1249 dederis,
1001 1200 1143 1241 multa
1172 1199 1321 1241 videre
1353 1199 1487 1241 domi.

972 1388 1021 1429 v.

369 1506 462 1548 Nox
493 1508 599 1556 erat,
633 1509 676 1547 et
709 1519 891 1548 somnus
923 1507 1064 1548 lassos
1097 1506 1301 1548 submisit
1334 1505 1518 1554 ocell0s;

427 1583 694 1624 Terruerunt
727 1584 925 1625 animum
957 1583 1065 1625 talia
1095 1584 1190 1625 visa
1220 1595 1394 1624 meum:

368 1658 489 1702 Colle
523 1660 603 1701 sub
637 1660 783 1714 aprico
817 1660 1105 1702 creberrimus
1136 1660 1235 1701 ilice
1266 1660 1391 1700 lucus

428 1736 591 1786 Stabat,
627 1740 669 1778 et
699 1738 748 1778 in
778 1738 914 1779 ramis
945 1737 1088 1779 multa
1117 1737 1282 1778 latebat
1314 1737 1430 1786 avis;

327 1833 344 1856 5
367 1814 481 1855 Area
511 1813 738 1867 gramineo
773 1813 950 1855 suberat
980 1813 1250 1862 viridissima
1279 1814 1419 1867 prato,

429 1890 590 1931 Umida
621 1890 674 1931 de
706 1890 843 1943 guttis
876 1890 976 1930 lene
1010 1889 1210 1931 sonantis
1242 1902 1388 1942 aquae3
1439 1941 1442 1944 ι

367 1966 466 2019 Ipse
499 1966 578 2007 sub
611 1966 804 2007 arboreis
835 1965 1031 2006 vitabam
1061 1965 1290 2006 frondibus
1321 1966 1502 2007 aestum:

426 2042 615 2093 (Fronde
647 2042 728 2084 sub
760 2043 942 2083 arborea
974 2042 1050 2083 sed
1081 2045 1232 2083 tamen
1263 2044 1396 2083 aestus
1427 2042 1536 2093 erat)

366 2118 490 2169 Ecce,
523 2121 679 2173 petens
710 2119 846 2160 variis
877 2119 1087 2159 inmixtas
1119 2117 1302 2159 fioribus
1333 2117 1492 2159 herbas

309 2214 346 2238 10
432 2193 644 2237 Constitit
676 2197 777 2236 ante
811 2195 961 2236 oculos
995 2193 1183 2235 candida
1213 2206 1345 2234 vacca
1375 2205 1513 2244 meos,

369 2269 607 2312 Candidior
638 2272 827 2322 nivibus,
861 2274 966 2312 tunc
999 2284 1099 2311 cum
1130 2269 1323 2311 cecidere
1354 2271 1565 2320 recentes,

426 2347 481 2388 In
512 2348 704 2401 liquidas
735 2347 935 2388 nondum
969 2359 1076 2400 quas
1107 2359 1232 2388 mora
1262 2347 1394 2388 vertit
1425 2359 1573 2400 aquas,

320 2447 329 2453 ν
373 2422 621 2473 Candidior,
659 2424 775 2478 quod
807 2423 949 2465 adhuc
982 2424 1151 2476 spumis
1184 2423 1473 2465 stridentibus
1505 2422 1622 2465 albet

426 2500 482 2541 Et
512 2500 644 2542 modo
678 2500 898 2548 siccatam,
931 2499 1059 2549 lacte,
1093 2500 1270 2553 reliquit
1303 2513 1442 2541 ovem.

309 2595 345 2619 15
370 2576 538 2618 Taurus
572 2579 664 2618 erat
695 2590 842 2618 comes
874 2577 990 2626 huic,
1025 2577 1211 2618 feliciter
1241 2577 1317 2618 ille
1348 2577 1545 2627 maritus,

430 2651 625 2706 Cumque
659 2667 738 2694 sua
770 2656 968 2694 teneram
1003 2654 1188 2706 coniuge
1220 2654 1382 2706 pressit
1414 2653 1611 2694 humum.
