1786 3034
581 146 723 180 AMORU
729 146 761 174 M
794 146 858 174 111.
887 144 920 173 9.

189 264 398 308 Carmine
430 264 537 319 quid
566 264 707 307 victas
743 264 1010 318 obstipuisse
1043 264 1194 305 feras?

127 343 324 386 Aelinon
355 343 405 385 in
437 342 564 385 silvis
595 342 716 384 idem
747 345 887 396 pater,
923 341 1101 391 selinon,
1139 341 1241 382 altis

190 420 364 463 Dicitur
394 420 539 463 invita
570 420 851 461 concinuisse
883 420 1003 473 lyra;

115 497 264 541 Adice
296 497 564 548 Maeoniden,
597 511 623 539 a
655 510 741 552 quo
775 510 856 538 ceu
887 497 1011 538 fonte
1043 495 1231 550 perenni

191 574 355 618 Vatum
385 575 544 617 Pieriis
578 588 655 617 ora
686 574 891 628 rigantur
923 573 1072 628 aquis;

129 652 264 695 Hunc
293 666 470 708 quoque
503 665 676 695 summa
709 651 803 693 dies
834 651 962 705 nigro
996 650 1235 692 submersit
1265 649 1455 691 Averno.

193 731 439 785 Defugiunt
471 730 626 772 avidos
659 730 858 771 carmina
890 729 987 770 sola
1018 740 1162 781 rogos,

131 808 276 851 Durat
308 821 420 863 opus
452 811 630 850 vatum:
664 807 846 849 Troiani
880 807 1001 848 fama
1032 805 1198 847 laboris

193 884 422 940 Tardaque
454 889 677 928 nocturno
708 886 800 926 tela
830 887 997 927 retexta
1031 884 1146 926 dolo.

133 963 208 1007 Sic
238 963 440 1006 Nemesis
472 964 669 1018 longum,
705 963 768 1005 sic
800 963 929 1004 Delia
960 976 1128 1004 nomen
1159 960 1400 1009 habebunt,

195 1041 346 1086 Altera
377 1053 483 1084 cura
514 1054 681 1090 recens,
718 1041 858 1082 altera
887 1041 1059 1095 primus
1093 1052 1230 1081 amor.

42 1161 47 1168 ,
95 1160 97 1162 ,
135 1118 255 1172 Quid
274 1133 354 1162 vos
377 1132 502 1162 sacra
523 1120 712 1162 iuvant?
744 1118 852 1173 quid
873 1132 993 1160 nunc
1014 1118 1232 1171 Aegyptia
1253 1117 1442 1170 prosunt

198 1196 371 1240 sistra?
401 1197 508 1252 quid
538 1197 587 1239 in
618 1210 757 1238 vacuo
791 1196 1046 1238 secubuisse
1077 1197 1210 1238 toro?

135 1273 250 1318 Cum
280 1276 462 1330 rapiunt
491 1275 611 1317 mala
643 1276 736 1317 fata
766 1273 921 1324 bonos,
957 1273 1188 1327 (ignoscite
1220 1273 1340 1314 fasso
1358 1271 1383 1322 Ξ)

200 1353 425 1396 Sollicitor
455 1354 606 1396 nullos
640 1367 735 1395 esse
768 1355 925 1407 putare
959 1351 1077 1394 deos.

138 1432 247 1475 Vive
278 1433 406 1487 pius:
439 1432 655 1481 moriere:
689 1432 791 1485 pius
825 1431 920 1472 cole
955 1443 1103 1471 sacra:
1137 1429 1359 1470 colentem

200 1510 322 1552 Mors
354 1510 499 1564 gravis
532 1523 558 1550 a
588 1509 769 1562 templis
801 1509 849 1549 in
882 1521 987 1549 cava
1019 1507 1150 1547 busta
1180 1505 1351 1547 trahet:

137 1584 424 1630 Carminibus
457 1585 629 1629 confide
662 1586 819 1628 bonis:
853 1586 978 1629 iacet.
1015 1597 1125 1632 ecce,
1162 1582 1387 1631 Tibullus;

201 1665 284 1708 Vix
314 1667 467 1707 manet
499 1679 522 1706 e
553 1667 663 1715 toto,
697 1677 834 1718 parva
867 1663 984 1718 quod
1015 1676 1130 1704 urna
1161 1661 1291 1715 capit.

141 1743 272 1793 Tene,
308 1756 431 1785 sacer
459 1744 597 1793 vates,
630 1741 821 1784 flammae
854 1755 1038 1795 rapuere
1071 1739 1246 1793 rogales

203 1819 460 1862 Pectoribus
491 1820 615 1874 pasci
647 1832 728 1861 nec
762 1820 951 1861 timuere
983 1818 1111 1859 tuis?

142 1898 289 1940 Aurea
321 1899 578 1940 sanctorum
608 1897 861 1951 potuissent
891 1895 1061 1949 templa
1092 1894 1277 1936 deorum

205 1975 353 2026 Urere,
389 1989 483 2030 quae
515 1977 693 2017 tantum
725 1974 975 2015 sustinuere
1008 1973 1147 2014 nefas.

142 2052 315 2098 Avertit
343 2053 506 2103 vultus,
540 2053 694 2107 Erycis
727 2065 823 2106 quae
856 2050 1056 2105 possidet
1088 2063 1234 2091 arces:

207 2129 322 2173 Sunt
353 2143 540 2185 quoque,
575 2130 651 2184 qui
683 2129 890 2170 lacrimas
923 2127 1198 2169 continuisse
1231 2128 1408 2179 negant.

147 2206 236 2251 Sed
265 2210 419 2250 tamen
450 2208 535 2251 hoc
567 2208 741 2257 melius,
779 2220 912 2261 quam
946 2206 983 2247 si
1014 2205 1216 2246 Phaeacia
1247 2204 1381 2246 tellus

207 2285 417 2340 Ignotum
448 2286 527 2328 vili
560 2285 868 2340 supposuisset
900 2284 1068 2325 humo:

147 2362 268 2406 Hinc
299 2368 414 2406 certe
446 2362 652 2404 madidos
686 2361 901 2415 fugientis
934 2360 1097 2414 pressit
1131 2358 1294 2401 ocellos

210 2441 353 2483 Mater
385 2444 428 2483 et
460 2442 506 2483 in
539 2442 708 2483 cineres
740 2440 900 2481 ultima
933 2438 1050 2480 dona
1080 2437 1207 2486 tulit:

149 2518 269 2560 Hinc
302 2532 428 2561 soror
458 2519 506 2560 in
539 2520 713 2572 partem
743 2518 907 2559 misera
939 2529 1040 2557 cum
1072 2516 1214 2556 matre
1248 2512 1414 2555 doloris

211 2596 344 2639 Venit
377 2597 609 2638 inornatas
643 2595 863 2638 dilaniata
895 2606 1057 2641 comas,

151 2672 350 2729 Cumque
377 2675 466 2716 tuis
501 2688 582 2716 sua
613 2674 855 2715 iunxerunt
887 2671 1174 2724 Nemesisque
1207 2669 1416 2723 priorque

1348 2748 1392 2783 6*

1458 125 1513 162 '83

1481 899 1518 924 30

1487 1677 1525 1701 -m

1491 2066 1528 2090 ⁴5

1495 2452 1534 2477 50
