1786 3034
180 156 247 190 182
775 170 830 198 AD
851 170 897 198 11.
922 168 956 206 9,
987 168 1078 198 1-6,

864 356 989 395 IXJ'A.

722 447 824 486 Lib.
854 447 893 486 I.
923 447 1036 496 eley.
1067 445 1143 485 θα.

249 570 434 620 Elegiam
461 570 532 608 IX.
562 571 606 607 in
635 569 734 607 duas
764 569 911 618 elegias
941 568 1028 618 (IX.
1059 567 1094 605 A
1115 584 1162 601 --
1183 580 1260 606 vss.
1295 567 1448 613 1ffl24„
1470 566 1540 606 IX.
1561 565 1601 605 B·
1619 582 1667 601 =

180 655 256 680 vss.
289 642 476 691 25-f54.)
507 639 807 679 distribuendas
837 651 923 677 esse
952 640 1062 677 recte
1091 637 1234 677 statuit
1261 637 1467 677 Lucianus
1486 637 1670 690 Mueller.
1735 675 1738 681 1

181 713 231 750 In
260 712 330 750 IX.
372 711 418 750 A.
460 712 584 761 poeta
623 711 813 760 precatur
853 708 1123 759 Cupidinem:
1153 702 1332 747 sinat'se
1363 709 1495 748 amori
1520 708 1671 748 valedi-
1732 744 1742 749 ,

181 796 282 822 cere.
313 783 364 821 In
393 783 463 820 IX.
494 782 540 821 B.
573 783 758 831 sequitur
785 780 1018 830 palinodia:
1048 782 1170 830 poeta
1198 781 1287 818 sine
1317 792 1454 818 amore
1474 791 1516 818 se
1534 780 1672 819 vivere
1736 784 1738 786 ’

181 868 265 893 11011
295 866 413 903 posse
442 854 602 892 fatetur.
1523 869 1525 872 ·
1739 889 1742 890 γ

252 926 303 963 ln
332 925 403 963 IX
434 924 479 962 A.
513 925 607 962 ante
638 924 776 961 oculos
807 922 951 961 habuit
978 920 1566 972 Prop.11.12‚13—20(de
1595 920 1674 960 Cu-
1683 937 1686 938 ⁷
1739 914 1741 919 ¹

181 995 363 1046 pidine):

370 1064 418 1099 In
445 1076 505 1099 me
529 1065 607 1099 tela
632 1066 801 1107 manent,
826 1066 958 1099 manet
984 1066 1020 1099 et
1045 1063 1206 1109 puerilis
1232 1063 1386 1108 imago:

419 1123 491 1159 Sed
519 1125 619 1158 certe
644 1134 792 1168 pennas
818 1123 986 1168 perdidit
1011 1122 1076 1157 1116
1103 1133 1205 1165 suas,

370 1183 507 1217 Evolat
531 1183 609 1217 heu
634 1184 766 1216 nostro
794 1181 977 1226 quoniam
1004 1182 1049 1215 de
1074 1183 1228 1227 pectore
1254 1191 1447 1225 nusquam

417 1241 683 1286 Assiduusque
709 1252 795 1275 meo
822 1241 1008 1285 sanguine
1034 1239 1134 1274 bella
1159 1240 1270 1283 gerit.

374 1301 473 1343 Quid
498 1299 570 1334 tibi
594 1299 807 1334 iucundum
834 1301 891 1333 est
919 1299 1027 1333 siccis
1054 1298 1228 1334 habitare
1254 1298 1437 1365 medullis
1453 1300 1471 1334 ‘2

420 1360 460 1394 Si
485 1359 610 1405 pudor
636 1359 705 1400 est,
732 1357 806 1392 alio
832 1358 953 1392 traice
978 1358 1056 1392 tela
1081 1359 1159 1392 tua.

370 1419 541 1454 Intactos
567 1418 642 1453 isto
669 1417 789 1452 satius
814 1419 1005 1463 temptare
1029 1426 1197 1451 veneno.

420 1479 506 1513 Non
533 1489 612 1522 eg0,
641 1478 707 1512 sed
732 1477 861 1511 tenuis
886 1476 1045 1521 vapulat
1069 1476 1208 1510 umbra
1233 1485 1331 1510 mea.

254 1703 300 1742 V.
337 1704 452 1741 1—2.
484 1715 709 1752 uunquam
734 1715 812 1752 pro
855 1714 921 1740 me.
963 1701 1063 1739 satis
1092 1701 1324 1750 ineliquata,
1368 1700 1438 1749 qui
1464 1710 1677 1748 nunquam
1740 1741 1744 1752 ἶ

184 1773 281 1812 satis
309 1774 436 1812 iratus
464 1769 578 1812 fuisti
604 1786 678 1823 pro
706 1786 783 1818 me,
814 1774 839 1811 i.
862 1785 893 1810 e.
916 1784 1142 1821 numquam
1168 1769 1391 1809 vulnerasti
1419 1769 1575 1819 sagittis
1594 1765 1676 1807 tuis
1740 1767 1747 1772 ’

183 1844 338 1893 puellas
368 1844 471 1882 mihi
499 1844 640 1883 lentas,
674 1843 731 1883 Cf.
765 1843 872 1882 Suet.
905 1843 991 1881 Oct.
1022 1844 1083 1881 66.
1117 1842 1182 1892 (de
1211 1840 1435 1892 Augusto):
1461 1839 1673 1880 «Gallo...

184 1917 224 1952 et
254 1915 535 1952 accusatorum
566 1914 944 1952 denuntiationibus
966 1915 1005 1951 et
1033 1914 1199 1951 senatus
1228 1911 1423 1951 consultis
1454 1910 1504 1949 ad
1531 1921 1675 1948 necem
1739 1914 1748 1951 ξ

184 1983 392 2033 compulso
422 1982 601 2021 laudavit
630 1983 793 2033 quidem
822 1983 1018 2033 pietatem
1048 1984 1260 2031 tantopere
1285 1994 1364 2032 pro
1383 1993 1425 2020 se
1444 1981 1679 2029 indignam·
1717 1992 1733 2001 ¹²

185 2057 329 2093 tium».
358 2078 410 2080 r—
445 2054 477 2092 Ο
504 2055 553 2092 in
582 2055 700 2092 corde
729 2066 818 2092 meo
847 2054 1048 2093 desidiose
1072 2065 1194 2102 puer,
1217 2053 1287 2102 qui
1308 2062 1471 2101 semper
1490 2051 1535 2088 in
1554 2049 1675 2090 eorde

182 2138 275 2164 meo
305 2125 465 2164 habitas
494 2137 626 2174 neque
656 2126 795 2162 tamen
826 2123 1047 2173 quidquam
1076 2136 1149 2172 pro
1179 2133 1244 2160 me
1265 2121 1361 2172 agis,
1380 2123 1429 2160 ut
1446 2120 1675 2171 puellarum
1707 2147 1713 2166 2
1737 2127 1744 2142 '²

185 2209 368 2234 amorem
409 2195 514 2234 mihi
555 2195 771 2241 concilies;
815 2207 863 2232 ex
902 2195 1021 2244 Prop.
1065 2194 1096 2231 Ι.
1144 2194 1175 2238 1,
1223 2193 1293 2232 17:
1342 2192 1413 2230 «In
1441 2203 1507 2230 me
1534 2191 1675 2231 tardus

183 2268 309 2306 Amor
337 2280 422 2305 non
451 2267 553 2305 ullas
582 2266 733 2316 cogitat
763 2267 905 2311 artes»,
937 2265 961 2303 i.
994 2278 1026 2304 e.
1044 2264 1176 2303 nullas
1204 2276 1270 2303 me
1300 2263 1417 2303 docet
1446 2263 1563 2308 artes,
1587 2261 1672 2311 qui·

183 2338 257 2376 bus
285 2338 441 2387 puellas
471 2337 663 2386 superbas
694 2349 836 2387 capere
856 2337 1022 2385 possim,
1046 2337 1155 2373 etex
1173 2335 1291 2384 Prop.
1322 2333 1376 2372 ΙΙ.
1411 2333 1469 2379 12,
1494 2332 1674 2372 12215:
1739 2378 1743 2382 „

191 2409 261 2446 «In
289 2421 355 2446 me
386 2408 467 2446 tela
494 2409 665 2446 manent
695 2407 764 2457 (sc.
797 2405 1038 2456 Cupidinis),
1070 2407 1209 2444 manet
1237 2406 1277 2443 et
1305 2402 1472 2454 puerilis
1512 2402 1670 2452 imago:
1699 2425 1702 2428 ·
1739 2388 1754 2456 33

186 2479 265 2518 Sed
294 2480 400 2517 certe
430 2491 588 2528 pennas
617 2477 795 2527 perdidit
823 2476 891 2514 ille
913 2489 1015 2522 suas,
1037 2475 1183 2514 Evolat
1201 2475 1283 2513 heu
1310 2475 1450 2512 nostro
1481 2472 1675 2523 quoniam
1712 2485 1713 2489 ¹
1743 2496 1746 2498 -

185 2551 232 2589 (16
261 2551 424 2599 pectore
454 2561 694 2598 nusquam».
1721 2528 1728 2538 '¹
1751 2591 1754 2592 ⁷

253 2621 300 2660 V.
331 2621 446 2659 3--6.
478 2621 552 2670 qui
580 2620 698 2658 miles
726 2631 962 2668 numquam
990 2623 1065 2656 tua
1092 2619 1216 2667 siqua
1243 2616 1407 2666 reliqui,
1427 2615 1550 2664 poeta
1577 2615 1673 2652 ante
1693 2663 1703 2669 Α,
1737 2611 1747 2641 1

184 2692 320 2730 oculos
349 2691 492 2729 habuit
519 2690 604 2729 Tib.
636 2690 689 2728 ΙΙ.
733 2691 767 2735 6,
800 2690 913 2728 5-6.
958 2687 1026 2738 (ad
1068 2686 1354 2737 Cupidinem):
1402 2684 1517 2730 «Ura
1557 2695 1670 2733 puer,
1732 2694 1740 2736 f
