1786 3034
541 186 720 215 AMORUM
745 186 812 214 111.
843 182 983 213 12-13.
1473 166 1518 199 89

130 307 198 351 De
229 307 369 350 Niobe
403 306 588 355 silicem,
624 303 676 345 de
708 303 881 356 virgine
915 303 1103 344 fecimus
1136 313 1313 348 ursam3

191 383 399 428 Concinit
431 381 670 437 Odrysium
704 380 910 434 Cecropis
945 380 1038 422 ales
1070 379 1173 433 Ityn
1189 393 1197 428 ;

130 462 333 519 Iuppiter
363 463 442 504 aut
472 461 522 502 in
555 473 657 502 aves
690 461 768 500 aut
801 472 846 499 se
880 458 1172 500 transformat
1204 457 1252 497 in
1286 469 1443 497 aurum

191 540 281 583 Aut
314 541 434 583 secat
465 538 664 593 inposita
696 536 868 590 virgine
903 539 1058 578 taurus
1091 548 1228 589 aquas
1244 550 1252 583 ;

78 619 81 622 “
130 619 291 662 Protea
322 617 430 673 quid
460 617 651 658 referam
684 614 980 668 Thebanaque
1015 613 1200 661 semina,
1237 612 1391 652 dentes
1408 627 1416 660 ;
1481 630 1518 654 35

193 697 280 749 Qui
309 697 543 739 vomerent
573 694 777 736 flammas
812 707 899 743 ore,
935 693 1074 734 fuisse
1106 692 1251 738 boves,

129 775 261 818 Flere
293 774 419 829 genis
453 773 619 815 electra
648 776 761 820 tuas,
797 772 973 824 Auriga,
1012 783 1198 815 sorores,

193 852 386 907 Quaeque
418 852 537 893 rates
570 850 748 899 fuerint,
784 863 904 890 nune
936 848 1072 890 maris
1106 861 1202 888 esse
1236 846 1352 891 deas,

130 932 436 986 Aversumque
469 929 587 972 diem
619 929 790 970 mensis
823 926 1059 969 furialibus
1091 926 1214 967 Atrei

191 1009 399 1064 Duraque
430 1020 689 1063 percussam
722 1019 826 1048 saxa
858 1007 1010 1047 secuta
1040 1004 1217 1058 lyram?
1483 1021 1520 1045 40

129 1086 234 1129 Exit
263 1086 314 1128 in
344 1086 602 1128 inmensum
634 1083 825 1126 fecunda
856 1083 1039 1124 licentia
1070 1084 1233 1127 vatum,

195 1163 374 1218 Obligat
405 1163 621 1205 historica
652 1176 735 1203 nec
769 1175 851 1203 sua
881 1161 1014 1202 verba
1045 1159 1157 1208 fide3

130 1242 190 1285 Et
219 1255 321 1284 mea
353 1241 567 1283 debuerat
598 1241 712 1282 falso
744 1239 927 1281 laudata
958 1238 1099 1279 videri

191 1319 404 1362 Femina:
439 1318 681 1360 credulitas
714 1331 834 1358 nune
868 1317 982 1358 mihi
1015 1319 1163 1357 vestra
1196 1322 1340 1356 nocet.

709 1509 828 1550 XIII.

133 1630 248 1675 Cum
277 1631 392 1674 mihi
421 1630 652 1685 pomiferis
686 1631 879 1672 coniunx
911 1632 1025 1670 foret
1058 1632 1155 1670 orta
1186 1628 1385 1677 Faliscis,

196 1708 365 1751 Moenia
397 1708 667 1762 contigimus
700 1704 826 1758 victa,
863 1707 1061 1754 Camille,
1096 1707 1191 1748 tibi.

135 1786 272 1830 Casta
302 1786 554 1830 sacerdotes
587 1786 752 1827 Iunoni
785 1787 898 1828 festa
930 1786 1149 1839 parabant

196 1864 280 1907 Per
311 1864 507 1906 celebres
540 1863 670 1905 ludos
703 1863 1050 1917 indigenamque
1083 1863 1266 1903 bovem:

136 1941 318 1985 Grande
348 1955 485 1984 morae
517 1942 712 1996 pretium
745 1942 856 1983 ritus
891 1955 1168 1995 cognoscere.
1205 1940 1406 1994 quamvis
1508 1959 1524 1982 5

197 2020 408 2063 Difficilis
440 2021 567 2062 clivis
587 2021 686 2062 >huc
719 2021 791 2062 via
824 2021 988 2074 praebet
1020 2020 1116 2061 iter.

67 2135 75 2146 ,
137 2097 238 2141 Stat
267 2101 394 2140 vetus
428 2101 471 2140 et
502 2098 642 2140 densa
674 2098 946 2152 praenubilus
982 2098 1136 2139 arbore
1169 2097 1321 2142 lucus3

197 2175 414 2230 Adspice:
441 2175 658 2217 concedas
689 2189 859 2216 numen
892 2176 1039 2216 inesse
1072 2176 1195 2224 loco:

135 2252 311 2307 Accipit
341 2266 418 2294 ara
448 2266 600 2306 preces
633 2253 870 2306 votivaque
902 2256 1003 2294 tura
1033 2252 1223 2305 piorum,

199 2330 288 2372 Ara
318 2343 398 2385 per
430 2331 636 2385 antiquas
670 2332 786 2372 facta
819 2331 914 2371 sine
948 2333 1042 2372 arte
1076 2342 1248 2370 manus.
1490 2347 1528 2370 10

138 2407 270 2459 Hinc,
305 2408 382 2450 ubi
414 2409 661 2462 praesonuit
694 2409 904 2451 sollemni
935 2408 1046 2450 tibia
1078 2411 1225 2457 cantu,

198 2485 240 2527 It
269 2498 349 2540 per
380 2485 549 2527 velatas
582 2499 734 2527 annua
764 2499 930 2540 pompa
961 2486 1081 2535 vias3

138 2561 374 2604 Ducuntur
405 2562 545 2604 niveae
578 2563 746 2616 populo
779 2563 1019 2617 plaudente
1053 2564 1260 2609 iuvene-ae,

203 2638 323 2691 Quas
357 2640 468 2682 aluit
501 2641 670 2695 campis
704 2641 841 2682 herba
872 2641 1050 2683 Falisca
1082 2642 1188 2691 suis,

138 2715 196 2758 Et
227 2717 356 2759 vituli
387 2718 590 2760 nondum
623 2720 864 2761 metuenda
897 2721 1043 2761 fronte
1075 2719 1273 2761 minaces
1493 2740 1528 2763 15
