1786 3034
602 166 783 196 Amorum
808 167 838 196 1.
866 165 900 196 7.
1464 152 1506 185 19

121 286 286 330 Stravit
317 286 564 341 deprensos
595 284 689 326 lata
719 298 800 338 per
831 297 936 326 arva
968 297 1135 338 greges,

52 363 127 416 Et,
160 364 324 409 vindex
353 365 403 406 in
433 366 577 406 matre
608 363 763 417 patris,
797 362 942 404 malus
980 361 1112 412 ultor,
1148 361 1325 403 Orestes

117 444 266 486 Ausus
297 442 346 485 in
377 454 563 484 arcanas
593 454 777 495 poscere
809 441 900 483 tela
931 439 1069 482 deas?
1468 459 1506 483 ιο

53 519 178 578 Ergo
209 535 291 576 ego
323 521 522 575 digestos
553 520 683 574 potui
712 519 884 561 laniare
917 519 1103 574 capillos
1120 524 1140 561 P

118 599 210 643 Nec
241 598 472 641 dominam
505 600 639 639 motae
672 596 916 638 dedecuere
950 610 1111 638 comae:

56 675 134 719 Sic
166 677 364 718 formosa
398 675 504 725 fuit;
540 674 678 715 talem
711 672 976 715 Schoeneida
1008 672 1153 714 dicam

120 751 354 795 Maenalias
387 765 494 793 arcu
526 750 791 792 sollicitasse
819 750 959 799 feras;

57 829 183 872 Talis
213 829 382 884 periuri
413 828 722 883 promissaque
754 827 941 880 velaque
973 825 1133 867 Thesei
1471 845 1507 868 15

120 905 269 948 Flevit
300 905 553 960 praecipites
586 904 744 948 Cressa
777 904 935 946 tulisse
967 903 1134 952 Notos;

60 982 149 1035 Sic,
177 983 269 1027 nisi
293 983 464 1026 vittatis
493 983 609 1038 quod
636 984 730 1025 erat
757 981 1007 1024 Cassandra
1030 981 1216 1036 capillis,

121 1061 363 1105 Procubuit
393 1062 576 1115 templo,
611 1062 733 1102 casta
764 1059 981 1109 Minerva,
1011 1062 1101 1101 tuo.

6 1145 8 1147 ’
61 1139 176 1193 Quis
189 1140 304 1183 mihi
317 1152 413 1182 non
427 1139 636 1181 «demens
647 1139 680 1181 2»
695 1138 794 1192 quis
809 1151 902 1179 non
915 1137 1029 1178 mihi
1049 1136 1259 1179 «barbare
1272 1137 1279 1178 !
1290 1152 1304 1173 »
1319 1136 1456 1178 dixit?

123 1218 230 1274 Ipsa
259 1218 403 1261 nihil:
434 1217 642 1272 pavidost
674 1217 829 1270 lingua
862 1218 1037 1257 retenta
1068 1218 1218 1265 metu3
1476 1235 1513 1258 20

62 1295 155 1340 Sed
185 1297 311 1339 taciti
345 1297 487 1339 fecere
521 1298 674 1338 tamen
705 1294 907 1336 convicia
939 1293 1105 1341 vultus,

124 1375 228 1430 Egit
258 1388 330 1417 me
361 1374 568 1417 lacrimis·
594 1387 669 1416 ore
703 1373 862 1415 silente
894 1386 1033 1414 reum.

58 1454 181 1496 Ante
211 1466 337 1496 meos
368 1453 536 1495 umeris
568 1452 731 1494 vellem
764 1450 976 1492 cecidisse
1009 1451 1226 1492 lacertos:

125 1530 305 1574 Utiliter
335 1531 464 1585 potui
495 1532 622 1584 parte
655 1543 801 1571 carere
834 1529 950 1578 mei;

59 1607 118 1651 In
148 1623 250 1652 mea
279 1622 482 1652 vaesanas
514 1608 653 1650 habui
685 1606 921 1661 dispendia
951 1606 1068 1648 vires
1474 1625 1511 1648 ιε,

124 1685 181 1728 Et
212 1685 333 1728 valui
364 1698 545 1740 poenam
572 1684 701 1726 fortis
734 1684 783 1725 in
815 1684 912 1737 ipse
944 1696 1107 1724 meam.

62 1761 184 1814 Quid
214 1762 329 1804 mihi
361 1761 607 1812 vobiscum,
642 1760 774 1802 caedis
808 1761 1112 1812 scelerumque
1144 1758 1394 1800 ministrae?

126 1838 289 1881 Debita
321 1838 549 1891 sacrilegae
581 1837 731 1879 vincla
762 1836 907 1878 subite
940 1836 1128 1878 manus!

61 1914 148 1965 An,
183 1915 222 1957 si
251 1915 504 1969 pulsassem
536 1913 777 1955 minimum
810 1913 863 1954 de
895 1913 1025 1966 plebe
1059 1912 1292 1964 Quiritem,

124 1990 372 2038 Plecterer:
404 1990 454 2031 in
487 1989 718 2031 dominam
750 1989 820 2031 ius
853 1989 967 2030 mihi
998 1989 1145 2030 maius
1179 1988 1295 2029 erit?
1475 2006 1514 2030 80

61 2066 266 2109 Pessima
296 2065 486 2121 Tydides
519 2066 738 2108 scelerum
771 2065 1050 2107 monimenta
1081 2065 1288 2118 reliquit:

125 2145 208 2188 Ille
240 2145 370 2188 deam
400 2145 574 2199 primus
607 2143 822 2198 perculit:
850 2143 964 2185 alter
997 2143 1106 2196 ego!

62 2222 124 2266 Et
152 2224 305 2266 minus
330 2223 407 2265 ine
428 2236 623 2265 nocens:
650 2222 776 2271 mihi,
805 2235 939 2275 quam
964 2219 1206 2275 profitebar
1231 2234 1394 2270 amare,

126 2302 310 2352 Laesast‚
345 2301 532 2356 Tydides
566 2315 708 2343 saevus
741 2301 790 2341 in
822 2300 951 2342 hoste
984 2300 1080 2342 fuit.

62 2379 91 2422 Ι
120 2393 254 2431 nunc,
288 2379 551 2434 magnificos
584 2379 728 2421 victor
759 2378 917 2420 molire
950 2377 1218 2431 triumphos,
1476 2395 1513 2419 ⁸⁵

128 2455 266 2511 Cinge
299 2469 474 2498 comam
506 2455 634 2497 lauro
667 2457 859 2508 votaque
894 2453 1026 2495 redde
1057 2452 1169 2503 Iovi,

64 2533 262 2589 Quaeque
294 2538 396 2576 tuos
428 2547 584 2576 currus
615 2534 914 2575 comitantum
947 2531 1078 2573 turba
1111 2533 1332 2585 sequetur,

129 2611 302 2655 Clamet
340 2611 435 2654 uio!
469 2611 574 2653 forti
606 2611 722 2653 victa
753 2610 905 2664 puella
936 2610 1127 2651 virost!»

61 2689 182 2732 Ante
215 2691 286 2732 eat
319 2689 458 2731 effuso
491 2689 631 2731 tristis
665 2689 838 2742 captiva
871 2687 1046 2741 capillo,
