1786 3034
237 145 284 179 78
815 161 995 189 AMORUM
1020 162 1085 190 111.
1114 161 1148 190 7.

416 275 526 318 Cum
556 277 672 318 desit
703 277 900 319 numeris
932 278 1030 331 ipsa
1060 279 1241 320 iuventa
1273 279 1398 321 suis?

356 353 418 395 A!
450 353 586 406 pudet
618 354 862 395 annorum!
897 367 1029 407 quare
1060 355 1354 410 iuvenemque
1385 357 1617 412 virumque
1647 347 1731 405 ’Ϊέζ

296 448 334 472 20
415 429 504 471 Nec
535 430 741 471 iuvenem
774 443 856 471 nec
888 444 959 472 me
993 432 1132 473 sensit
1164 433 1306 474 amica
1336 434 1513 476 virum?
1565 423 1575 451 Ἀ

358 504 428 547 Sic
458 505 660 547 flammas
694 505 868 548 aditura
901 507 997 560 pias
1028 511 1195 549 aeterna
1227 509 1427 551 sacerdos
1485 512 1487 514 ’

418 581 566 636 Surgit
599 585 642 623 et
674 597 699 624 a
733 597 834 624 caro
867 585 1000 625 fratre
1033 585 1226 626 verenda
1258 599 1394 628 soror.

318 640 327 663 l
355 660 411 700 At
442 673 584 713 nuper
615 660 682 700 bis
714 660 829 701 flava
861 659 1132 710 Chlide‚·ter
1164 661 1351 704 candida
1380 662 1523 713 Pitho,

415 736 496 777 Ter
526 736 659 778 Libas
692 736 837 779 officio
871 738 1130 780 continuata
1159 743 1326 790 meost3

292 833 332 856 25
355 813 537 867 Exigere
570 828 596 855 a
626 815 755 856 nobis
788 819 978 869 angusta
1003 807 1139 858 vnocte
1172 816 1425 868 Corinnam,

299 895 301 898 ’
383 902 387 906 ’
413 891 484 932 Μ6
516 893 701 934 memini
732 905 940 934 numeros
974 893 1239 935 sustinuisse
1271 907 1444 937 novem.

354 967 470 1009 Num
501 981 600 1010 mea
633 969 884 1010 Thessalico
919 969 1134 1022 languent
1165 970 1322 1013 devota
1351 985 1524 1033 veneno

414 1043 640 1098 Corpora?
671 1059 779 1087 num
811 1047 973 1088 misero
1006 1059 1185 1089 carmen
1218 1051 1260 1090 et
1292 1049 1429 1091 herba
1458 1043 1635 1102 nocentj
1673 1048 1688 1072 ·'

358 1120 522 1174 Sagave
555 1122 757 1175 poenicea
791 1122 939 1166 defixit
970 1124 1154 1166 nomina
1186 1139 1284 1167 cera

293 1217 333 1241 30
413 1197 468 1238 Et
499 1197 695 1239 medium
726 1199 875 1240 tenuis
906 1200 956 1240 in
987 1200 1108 1242 iecur
1139 1203 1228 1256 egit
1259 1206 1396 1245 acus?

356 1272 560 1316 Carmine
592 1275 698 1316 laesa
729 1274 861 1318 Ceres
895 1277 1091 1319 sterilem
1123 1279 1320 1321 vanescit
1350 1278 1399 1320 in
1429 1279 1625 1332 herbam,

411 1350 631 1392 Deficiunt
662 1352 757 1393 laesi
790 1354 983 1395 carmine
1015 1355 1152 1396 fontis
1185 1368 1320 1409 aquae,

354 1427 533 1469 Ilicibus
566 1428 749 1482 glandes
783 1432 1046 1484 cantataque
1078 1432 1242 1474 vitibus
1273 1446 1359 1474 uva

411 1503 596 1554 Decidit,
631 1507 674 1546 et
705 1506 830 1547 nullo
862 1520 996 1560 poma
1026 1511 1231 1550 movente
1263 1508 1421 1552 fluunt.

289 1600 328 1623 35
354 1579 468 1632 Quid
499 1583 618 1623 vetat
650 1585 694 1623 et
725 1596 884 1624 nervos
915 1585 1109 1638 magicas
1141 1587 1316 1638 torpere
1346 1599 1426 1640 per
1455 1587 1607 1629 artes?

407 1656 616 1699 Forsitan
647 1659 871 1712 inpatiens
904 1661 962 1702 sit
991 1661 1110 1703 latus
1141 1661 1245 1704 inde
1275 1676 1436 1706 meum.

353 1733 451 1774 Huc
481 1735 625 1788 pudor
657 1724 841 1778 accessit
872 1738 1002 1779 facti:
1033 1738 1177 1792 pudor
1206 1739 1302 1793 ipse
1333 1740 1523 1783 nocebat
1534 1755 1545 1791 ;

409 1810 491 1852 1116
524 1812 609 1853 fuit
639 1813 738 1854 vitii
771 1826 904 1854 causa
935 1814 1128 1857 secunda
1157 1816 1257 1857 mei.

349 1887 406 1928 At
437 1888 613 1941 qualem
643 1888 734 1930 vidi
765 1892 942 1931 tantum
974 1891 1185 1944 tetigique
1216 1892 1437 1945 puellam:

286 1983 327 2007 40
408 1963 494 2015 (Sic
527 1966 662 2006 etiam
694 1966 845 2008 tunica
876 1967 1074 2020 tangitur
1103 1967 1183 2008 illa
1215 1981 1294 2009 sua
1309 1969 1335 2020 l)

347 2039 474 2082 Illius
507 2041 563 2082 ad
594 2043 761 2084 tactum
792 2042 943 2096 Pylius
973 2044 1256 2085 iuvenescere
1286 2046 1430 2098 possit

407 2117 707 2172 Tithonosque
741 2119 870 2160 annis
903 2120 1059 2161 fortior
1091 2134 1186 2162 esse
1218 2122 1322 2164 suis.

347 2191 452 2234 Haec
483 2195 596 2235 mihi
628 2195 898 2248 contigerat!
931 2195 1008 2249 sed
1038 2196 1106 2237 vir
1136 2210 1229 2238 non
1261 2198 1447 2252 contigit
1477 2198 1560 2240 illi.
1603 2221 1606 2223 ·

406 2267 524 2319 Quas
556 2283 677 2311 nunc
709 2271 957 2324 concipiam
987 2285 1066 2325 per
1096 2285 1212 2314 nova
1242 2276 1345 2315 vota
1374 2278 1561 2328 preces?
1602 2298 1609 2302 ›
1650 2299 1652 2301 >

284 2364 325 2388 45
350 2343 488 2387 Credo
521 2347 655 2388 etiam
685 2361 886 2401 magnos,
922 2348 1008 2402 quo
1042 2362 1140 2391 sum
1170 2351 1264 2391 tam
1294 2351 1482 2404 turpiter
1511 2365 1632 2429 usus,

404 2422 602 2465 Muneris
636 2424 774 2466 oblati
805 2426 1062 2478 paenituisse
1096 2426 1215 2468 deos.

349 2497 563 2553 Optabam
597 2503 713 2542 certe
744 2502 909 2555 recipi:
944 2515 1043 2544 sum
1075 2516 1237 2556 nempe
1269 2506 1494 2557 receptus;

405 2575 565 2617 Oscula
596 2578 734 2618 ferre:
766 2577 874 2627 tuli;
907 2578 1132 2631 proximus
1166 2592 1286 2620 esse:
1318 2579 1395 2622 fui.

346 2649 442 2702 Quo
474 2653 587 2694 mihi
618 2654 809 2695 fortunae
841 2656 1050 2695 tantum?
1082 2667 1166 2708 quo
1197 2668 1334 2708 regna
1365 2656 1461 2697 sine
1491 2658 1621 2698 usu?
