1786 3034
656 170 712 198 AD
732 171 778 199 11.
804 169 838 209 3,
863 167 1001 198 15-18.
1510 155 1593 191 167.

24 288 26 291 ’
74 286 128 327 ad
153 287 211 343 H.¹
243 286 276 333 1,
307 287 356 326 5:
391 285 557 325 «facie».
668 287 840 333 lusibus,
871 299 923 325 sc.
956 287 1194 332 amatoriis;
1224 286 1273 325 cf.
1317 285 1411 324 adn.
1455 299 1578 335 supra

75 358 127 399 ad
168 346 209 398 Is
246 359 283 406 8,
326 357 404 398 43:
452 357 682 398 «Ludunt».
722 382 748 386 —
813 344 1003 409 Indiyncc
1043 363 1100 397 est
1125 359 1249 408 piqro
1277 358 1416 408 forma
1440 359 1579 408 perire

7 418 23 491 a}
73 431 170 480 situ,
205 430 262 471 cf.
303 442 428 480 supra
469 430 501 469 I.
533 431 570 477 8,
601 431 784 470 52ff53:
834 430 1091 470 «Canescunt
1131 431 1242 480 turpi
1284 431 1393 469 tecta
1436 431 1579 468 relicta,

14 499 25 534 Τ
74 503 180 543 situ:
206 502 374 549 Forma,
404 503 489 541 nisi
519 502 729 549 admittas,
759 502 872 541 nullo
904 503 1118 541 exercente
1148 502 1361 541 senescit».

67 577 69 579 ’
145 575 194 615 V.
227 575 395 616 15—18.
420 575 574 626 potuit,
615 575 830 625 potuisset.
859 599 912 602 —
941 576 1133 625 quamvis
1162 574 1342 613 habeare
1370 575 1577 617 molestus,

74 646 221 687 alludit
261 646 315 686 ad
354 659 412 686 ve.
456 647 492 686 8.
525 646 664 696 elegiae
692 646 987 696 praecedentis:
1024 646 1165 694 «Quod
1193 646 1371 684 nimium
1400 645 1578 689 dominae

74 731 172 759 cura
199 720 368 758 molesta
401 720 474 758 tua
502 720 602 757 est».
632 742 685 745 —--
714 717 873 770 effectu,
896 730 1094 757 successu.
1130 742 1183 745 ——
1202 718 1352 768 Aptius
1380 723 1426 758 at
1452 719 1582 768 fuerit

68 777 276 843 precibus.
296 796 528 842 temptasse,
558 789 630 829 sed
659 789 795 841 aptius
826 791 905 828 erit
932 789 1123 840 precibus
1144 792 1182 828 te
1203 793 1420 841 temptare.
1452 815 1503 817 —›—-
1524 796 1579 837 at,

75 877 125 904 ex
150 875 248 903 mea
275 850 535 910 coniectura;
567 861 617 900 cf.
647 861 757 900 infra
787 861 879 900 adn.
911 863 1000 900 crit.
1031 861 1083 900 ad
1112 861 1152 900 h.
1174 862 1200 900 l.
1223 885 1274 889 —
1302 862 1444 911 suerit.
1476 863 1578 908 erit;

72 935 147 975 fut.
177 927 398 985 exaefipro
427 933 500 972 fut.
531 933 679 983 simpl„
709 934 756 970 ut
784 945 908 982 supra
937 928 992 971 Π.
1026 933 1059 979 1,
1090 933 1165 972 29:
1202 933 1332 981 «Quid
1360 934 1467 972 mihi
1486 946 1580 984 pro-

9 1047 11 1050 .
73 1007 199 1047 fuerit
224 1009 345 1046 velox
373 1006 564 1044 cantatus
592 1003 773 1043 Achilles
786 1006 824 1042 5²»
847 1027 900 1031 —
917 1004 1018 1043 bene
1046 1006 1232 1054 ponendi
1262 1018 1456 1050 munera,
1477 1007 1579 1043 tam-

75 1090 200 1131 quam
239 1078 287 1118 in
311 1077 471 1117 -fenore
511 1088 678 1127 ponere,
722 1077 769 1114 ut
809 1077 1029 1126 pecuniam
1072 1089 1321 1125 magnarum
1364 1089 1582 1115 usurarum

73 1161 208 1189 cause..

790 1263 860 1301 IV.

617 1344 721 1386 Lib.
752 1347 819 1386 II.
845 1347 957 1399 oley.
989 1348 1034 1396 4.

146 1473 274 1513 Poeta
302 1485 345 1511 se
374 1472 563 1511 omnium
590 1483 786 1520 generum
815 1472 973 1521 puellas
1002 1483 1139 1510 amare
1169 1471 1398 1510 confitetur.
1429 1473 1583 1511 Auctor

76 1546 139 1584 est
165 1545 287 1595 Prop.
317 1545 372 1583 Π.
403 1543 467 1591 22,
501 1543 652 1583 1-—-18:

267 1626 351 1662 Scis
376 1627 468 1662 here
493 1627 548 1661 mi
574 1627 718 1661 multas
744 1626 890 1671 pariter
914 1626 1111 1671 placuisse
1137 1626 1287 1671 puellas
1302 1626 1320 1660 5>

315 1685 399 1722 Scis
425 1685 536 1727 mihi,
563 1686 832 1730 Demophoon,
858 1685 983 1720 multa
1008 1684 1141 1720 venire
1167 1685 1283 1720 mala.

233 1778 244 1786 ,
267 1747 384 1782 Nulla
408 1746 508 1780 meis
532 1745 678 1780 frustra
702 1745 920 1780 lustrantur
944 1745 1113 1791 compita
1138 1745 1295 1790 plantis.

316 1808 346 1840 Ο
372 1806 492 1841 nimie
519 1805 636 1840 exitio
662 1807 755 1840 nata
780 1806 935 1840 theatra
960 1806 1067 1840 meo!

268 1866 356 1902 Sive
383 1865 524 1910 aliquis
550 1866 661 1900 molli
687 1865 836 1900 diducit
862 1865 1028 1900 candida
1053 1867 1165 1910 gestu

314 1926 504 1974 Bracchia
529 1937 596 1960 seu
622 1926 751 1960 varios
778 1925 947 1959 concinit
974 1935 1038 1958 ore
1065 1924 1224 1958 modos:

266 1987 422 2022 Interea
446 1987 569 2020 nostri
595 1986 773 2029 quaerunt
800 1984 873 2019 sibi
899 1985 1040 2018 vulnus
1067 1983 1189 2026 ocelli,

316 2046 489 2082 Candida
513 2057 591 2080 non
617 2046 718 2079 tecto
745 2046 900 2090 pectore
927 2046 960 2079 si
987 2054 1064 2088 qua
1090 2043 1208 2086 sedet,

268 2106 355 2143 Sive
380 2106 470 2152 vagi
495 2107 622 2140 crines
648 2105 759 2151 puris
784 2105 825 2139 in
851 2104 1044 2139 frontibus
1072 2105 1213 2145 errant,

315 2166 452 2202 Indica
477 2177 573 2210 quos
599 2164 726 2200 medio
752 2165 894 2199 vertice
919 2175 1072 2209 gemma
1096 2165 1213 2198 tenet.

268 2226 358 2270 Quae
385 2225 419 2261 si
443 2226 541 2260 forte
568 2224 716 2268 aliquid
739 2224 849 2258 vultu
874 2223 974 2258 mihi
1000 2223 1098 2258 dura
1123 2223 1297 2268 negabat,

315 2285 478 2331 Frigida
502 2284 548 2319 de
573 2285 655 2318 tota
679 2283 805 2318 fronte
832 2283 991 2318 cadebat
1018 2294 1130 2328 aqua.

269 2345 429 2389 Quaeris,
456 2344 724 2389 Demophoon,
751 2355 820 2378 cur
848 2343 923 2377 sim
950 2345 1031 2377 tam
1058 2343 1189 2377 mollis
1215 2342 1256 2376 in
1282 2353 1440 2378 omnes:

317 2405 427 2448 Quod
453 2404 605 2448 quaeris,
637 2414 810 2447 aquare»,
837 2414 914 2436 non
942 2402 1058 2437 habet
1086 2402 1191 2436 ullus
1219 2413 1340 2436 amor.

270 2465 346 2500 Cm·
371 2463 512 2508 aliquis
540 2464 660 2498 sacris
686 2463 808 2497 laniat
835 2473 904 2497 sua
931 2461 1111 2497 bracchia
1137 2462 1272 2496 cultris

316 2525 367 2559 Et
390 2523 558 2569 Phrygis
584 2523 743 2557 insanos
769 2522 930 2557 caeditur
955 2521 1003 2556 ad
1030 2533 1213 2556 numeros
1230 2523 1247 2556 ἱ)

269 2582 487 2627 Unicuique
515 2583 619 2617 dedit
645 2582 786 2617 vitium
813 2583 954 2616 natura
979 2583 1128 2616 creato:

318 2641 374 2676 Mi
399 2641 554 2677 fortuna
582 2643 729 2687 aliquid
755 2653 909 2686 semper
935 2652 1066 2676 amare
1093 2641 1209 2676 dedit.

0 2717 6 2738 ’Δ
78 2726 284 2767 Praeterea,
311 2729 407 2766 ante
437 2727 575 2766 oculos
603 2729 726 2777 poeta
755 2726 900 2766 habuit
928 2727 1047 2776 Prop.
1079 2708 1132 2764 ΪΙ.
1165 2726 1227 2772 25,
1256 2726 1439 2770 4-1-46;
