1786 3034
586 184 768 213 AMORUM
793 184 858 212 ΙΙΙ.
887 182 906 211 5
912 203 921 212 .

117 302 238 346 Dum
269 303 387 347 iacet
418 305 462 346 et
491 301 615 345 lente
647 304 877 344 revocatas
910 302 1109 343 ruminat
1142 300 1302 342 herbas

178 381 322 436 Atque
353 381 517 424 iterum
547 382 676 434 pasto
709 378 906 434 pascitur
937 380 1041 420 ante
1074 378 1182 428 cibo,

118 458 256 502 Visus
288 461 396 509 erat,
429 471 589 500 somno
622 458 740 498 vires
773 456 1014 507 adimente,
1048 456 1184 498 feraci

182 533 476 590 Cornigerum
506 537 626 576 terra
642 552 645 554 >
659 534 922 588 deposuisse
955 536 1099 588 caput.

120 613 224 656 Huc
254 613 427 656 levibus
459 613 614 656 cornix
644 612 800 667 pinnis
834 612 1019 665 delapsa
1050 625 1130 666 per
1161 624 1292 653 auras

179 690 316 734 Venit
347 695 392 734 et
420 692 471 734 in
501 690 634 734 viridi
666 690 847 744 garrula
880 690 996 732 sedit
1029 690 1166 732 humo

124 769 295 824 Terque
326 767 454 810 bovis
485 769 626 810 niveae
658 768 883 822 petulanti
915 770 1095 821 pectora
1129 769 1272 809 rostro

182 845 316 889 Fodit
347 849 390 888 et
421 845 615 888 albentis
648 845 834 887 abstulit
867 859 941 887 ore
975 845 1114 887 iubas.

121 923 210 966 Illa
239 924 389 982 locum
421 926 689 978 taurumque
722 922 799 964 diu
831 926 1039 964 cunctata
1063 922 1290 976 relinquit,

184 999 288 1054 (Sed
317 1002 447 1056 niger
476 1002 525 1043 in
556 1014 697 1043 vaccae
729 1003 906 1055 pectore
940 1001 1055 1042 livor
1089 1003 1196 1051 erat)

118 1079 266 1135 thue
297 1079 455 1135 procu]
485 1078 597 1120 vidit
630 1082 861 1133 carpentes
894 1079 1059 1132 pabula
1088 1081 1254 1128 tauros,

183 1155 451 1212 (Carpebant
482 1140 599 1199 tauri
630 1157 795 1211 pabula
827 1157 930 1198 laeta
962 1157 1132 1210 procul)

119 1234 234 1278 Illuc
266 1248 313 1277 se
344 1233 494 1288 rapuit
524 1233 817 1287 gregibusque
850 1234 1082 1276 inmiscuit
1113 1234 1204 1276 illis

180 1311 238 1353 Et
267 1311 398 1366 petiit
430 1310 577 1353 herbae
610 1310 841 1352 fertilioris
874 1311 1074 1354 humum.

122 1388 206 1431 Dic
238 1402 333 1444 age,
365 1391 608 1439 nocturnae,
645 1389 912 1443 quicumque
946 1403 1006 1440 es,
1039 1390 1251 1443 imaginis
1284 1401 1436 1442 augur.

186 1465 343 1522 Siquid
373 1466 543 1509 habent
574 1466 679 1515 veri,
714 1467 810 1508 visa
843 1466 948 1521 quid
980 1467 1067 1507 ista
1100 1467 1283 1508 ferant.»

125 1543 199 1587 Sic
231 1559 336 1600 ego;
364 1548 595 1587 nocturnae
630 1545 693 1586 sic
725 1544 835 1586 dixit
867 1545 1078 1598 imaginis
1113 1558 1265 1597 augur,

184 1622 454 1678 Expendens
486 1623 639 1664 animo
672 1622 850 1676 singula
884 1622 1001 1664 dicta
1034 1636 1141 1664 suo:

130 1699 300 1751 «Quem
331 1702 382 1741 tu
413 1699 654 1742 mobilibus
688 1700 807 1741 foliis
840 1700 981 1741 vitare
1014 1698 1209 1749 volebas,

187 1775 273 1820 Sed
303 1777 423 1819 male
452 1777 638 1828 vitabas,
673 1780 807 1819 aestus
841 1778 1006 1819 amoris
1040 1779 1144 1819 erat.

123 1854 269 1897 Vacca
298 1856 447 1910 puella
482 1858 628 1898 tuast:
663 1859 793 1910 aptus
826 1856 947 1898 color
979 1856 1056 1897 ille
1089 1855 1277 1910 puellae3

186 1933 252 1975 Tu
281 1933 350 1975 vir
382 1935 426 1975 et
457 1934 506 1975 in
536 1947 669 1975 vacca
701 1947 893 1987 conpare
925 1936 1080 1975 taurus
1113 1946 1233 1982 eras:

125 2010 312 2054 Pectora
342 2010 462 2066 quod
491 2014 636 2054 rostro
670 2012 823 2054 cornix
855 2011 1052 2053 fodiebat
1084 2014 1228 2059 acuto,

186 2089 426 2144 Ingenium
459 2090 651 2133 dominae
683 2091 787 2132 lena
819 2091 1028 2133 movebat
1060 2104 1196 2140 anus;

128 2167 260 2220 Quod
290 2170 500 2210 cunctata
531 2169 609 2210 diu
639 2171 818 2211 taurum
851 2182 932 2210 sua
963 2182 1096 2210 vacca
1128 2169 1319 2222 reliquit,

188 2245 396 2300 Frigidus
427 2246 476 2287 in
508 2245 642 2287 viduo
675 2245 918 2287 destituere
951 2247 1075 2294 toro:

126 2322 264 2366 Livor
297 2326 340 2365 et
371 2322 555 2365 adverso
588 2323 774 2365 maculae
807 2322 889 2364 sub
921 2325 1100 2376 pectore
1132 2322 1270 2375 nigrae

189 2401 348 2443 Pectus
379 2401 590 2443 adulterii
622 2401 722 2443 labe
755 2415 904 2443 carere
937 2403 1143 2455 negant.»
1254 2455 1264 2464 ἡ

126 2478 312 2522 Dixerat
342 2479 589 2533 interpres:
622 2479 768 2533 gelido
801 2479 914 2521 mihi
947 2479 1130 2533 sanguis
1163 2478 1217 2520 ab
1251 2491 1325 2520 ore

193 2556 339 2611 Fugit,
376 2559 419 2598 et
453 2560 555 2599 ante
589 2557 741 2599 oculos
774 2570 862 2598 nox
896 2557 1019 2598 stetit
1051 2557 1142 2598 alta
1172 2569 1310 2597 meos.

1464 167 1509 202 73

1472 552 1509 576 20

1473 1329 1511 1353 30

1479 2107 1516 2132 40

1479 2497 1515 2521 45
