1786 3034
622 147 802 175 AMORUM
828 145 857 175 Ι.
885 143 918 173 9.

199 264 416 315 Strenuus
450 267 655 319 exempto
686 264 776 305 fine
810 266 1018 317 sequetur
1051 276 1236 311 amans;
1488 280 1525 304 ιο

138 341 228 384 Ibit
258 341 309 383 in
339 340 548 384 adversos
580 343 756 382 montes
789 339 1103 394 duplicataque
1137 338 1290 380 nimbo

195 419 420 469 Flumina,
454 422 689 473 congestas
723 422 893 460 exteret
924 419 1002 459 ille
1035 418 1174 466 nives,

129 497 227 540 ‘Nec
258 498 372 540 freta
401 510 639 552 pressurus
672 495 868 538 tumidos
902 496 1156 538 causabitur
1187 495 1330 535 Euros

197 575 399 630 Aptaque
431 573 660 617 verrendis
694 573 839 616 sidera
872 575 1039 627 quaeret
1071 572 1211 626 aquis.

139 651 248 704 Quis
280 652 370 695 nisi
401 652 475 695 vel
505 652 635 694 miles
667 652 739 694 vel
766 665 923 694 amans
951 653 995 692 et
1020 651 1187 704 frigora
1219 649 1364 691 noctis
1487 666 1522 690 ιο

195 731 253 773 Et
283 730 423 774 denso
456 731 618 773 mixtas
649 731 843 784 perferet
874 729 1016 771 imbre
1048 729 1207 770 nives?

136 807 332 852 Mittitur
361 810 551 851 infestos
583 809 698 851 alter
730 808 983 862 speculator
1014 808 1062 848 in
1096 807 1260 855 hostes,

194 886 250 928 In
280 886 418 929 rivale
452 886 603 928 oculos
637 887 761 936 alter,
798 888 847 927 ut
879 886 1019 935 hoste,
1054 886 1187 926 tenet.

135 962 218 1006 1110
250 977 406 1018 graves
437 964 584 1016 urbes,
618 964 692 1005 hic
725 963 844 1005 durae
878 964 1018 1005 limen
1052 962 1204 1004 amicae

204 1035 415 1092 Obsidet3
447 1042 520 1084 hic
551 1044 704 1096 portas
737 1042 915 1095 frangit,
952 1045 997 1083 at
1028 1041 1104 1082 ille
1138 1041 1269 1082 fores.
1487 1057 1524 1081 20

138 1117 263 1174 Saepe
295 1123 529 1174 soporatos
562 1120 772 1162 invadere
804 1120 975 1174 profuit
1007 1120 1161 1162 hostes

195 1194 372 1239 Caedere
405 1199 450 1239 et
481 1200 654 1240 armata
685 1198 842 1252 vulgus
876 1198 1048 1238 inerme
1081 1210 1244 1238 manu:

136 1272 208 1317 Sic
241 1275 335 1318 fera
365 1274 560 1317 Threicii
593 1274 849 1317 ceciderunt
882 1275 1062 1328 agmina
1092 1274 1243 1323 Rhesi,

193 1352 251 1394 Et
281 1352 516 1395 dominum
549 1353 665 1406 capti
698 1352 959 1394 deseruistis
993 1352 1118 1406 equi3

135 1428 258 1485 Saepe
284 1430 551 1473 maritorum
584 1430 754 1472 somnis
786 1433 979 1472 utuntur
1010 1432 1225 1480 amantes,
1484 1447 1521 1474 25

126 1534 129 1538 <
192 1508 249 1550 Et
281 1521 364 1550 sua
394 1508 553 1563 sopitis
585 1509 789 1550 hostibus
823 1522 947 1550 arma
978 1510 1171 1550 movent.

134 1583 380 1628 Custodum
410 1586 602 1627 transire
634 1600 796 1628 manus
827 1587 1101 1639 vigilumque
1134 1588 1331 1627 catervas

193 1662 353 1705 Militis
387 1666 430 1705 et
462 1663 615 1705 miseri
648 1678 824 1718 semper
856 1665 1051 1705 amantis
1085 1677 1210 1717 opus

133 1739 254 1784 Mars
286 1741 447 1784 dubius
479 1755 562 1783 nec
595 1745 715 1783 cert-a
747 1742 924 1784 Venus:
958 1743 1149 1796 victique
1182 1744 1433 1795 resurgunt,

128 1832 133 1835 ’·
195 1817 402 1873 Quosque
434 1832 570 1872 neges
603 1832 816 1873 umquam
848 1833 980 1873 posse
1012 1820 1171 1868 iacere,
1204 1819 1382 1862 cadunt.
1482 1839 1520 1863 τεο

132 1894 249 1949 Ergo
283 1894 499 1937 desidiam
534 1897 800 1950 quicumque
832 1897 1019 1938 vocabat
1052 1910 1264 1948 amorem,

140 2020 142 2022 v
193 1959 409 2017 Desinat:
441 1975 657 2028 ingeniist
689 1975 956 2029 experientis
991 1988 1127 2016 amor.
1301 1958 1305 1962 ⁵

133 2051 272 2093 Ardet
302 2052 351 2093 in
384 2051 572 2094 abducta
604 2052 804 2094 Briseide
837 2066 1026 2106 magnus
1059 2053 1283 2094 Achilles:

192 2128 311 2171 Dum
343 2130 459 2180 licet,
495 2130 679 2184 Argivas
713 2131 917 2184 frangite,
954 2131 1100 2179 Troes,
1137 2132 1269 2184 opes!

131 2205 298 2248 Hector
320 2207 374 2248 ab
395 2206 730 2249 Andromaches
752 2208 1040 2262 conplexibus
1064 2209 1157 2249 ibat
1180 2208 1235 2249 ad
1258 2222 1393 2258 arma,
1481 2228 1518 2252 85

192 2284 260 2334 Et,
296 2285 470 2339 galeam
504 2286 638 2339 capiti
671 2299 767 2339 quae
800 2287 938 2336 daret,
972 2300 1083 2328 uxor
1116 2289 1220 2328 erat.

141 2359 325 2403 Summa
356 2361 531 2413 ducum,
566 2363 755 2414 Atrides,
790 2364 885 2405 visa
917 2364 1166 2405 Priameide
1200 2365 1339 2406 fertur

191 2437 407 2480 Maenadis
441 2440 593 2482 effusis
627 2441 895 2495 obstipuisse
930 2443 1094 2491 comis;

133 2513 254 2557 Mars
287 2529 461 2570 quoque
495 2517 741 2572 deprensus
776 2519 952 2560 fabrilia
984 2520 1164 2561 vincula
1197 2519 1366 2561 sensit:

191 2591 349 2635 Notior
379 2594 427 2634 in
461 2595 567 2636 caelo
600 2596 751 2637 fabula
782 2597 909 2638 nulla
941 2597 1036 2638 fuit.
1480 2615 1518 2640 ιο

131 2667 232 2724 Ipse
265 2683 346 2724 ego
381 2672 528 2725 segnis
563 2686 684 2714 eram
717 2673 1018 2728 discinctaque
1051 2675 1098 2716 in
1133 2675 1223 2716 otia
1255 2678 1415 2717 natus:
