1786 3034
217 148 265 182 44
803 159 980 188 ΑΜοΒυΜ
1006 160 1052 187 11.
1082 157 1114 187 6.

924 312 996 354 VI.

336 433 566 481 Psittacus,
603 432 709 472 Eois
741 431 956 472 imitatrix
988 430 1079 471 ales
1112 431 1165 471 ab
1195 429 1332 479 Indis,

398 507 590 549 Occidit:
624 507 828 560 exequias
859 506 920 547 ite
952 502 1214 560 frequenter,
1249 518 1378 554 aves;

337 585 414 634 Ite,
448 585 532 638 piae
564 584 777 633 volucres,
814 586 856 624 01
887 583 1084 636 plangite
1104 576 1294 635 'pectora
1325 581 1476 635 pinnis

397 662 454 703 Et
483 661 627 715 rigido
659 664 837 702 teneras
868 673 1016 713 ungue
1049 661 1199 701 notate
1232 671 1391 712 genas;

297 758 314 782 5
337 739 530 780 Horrida
560 751 639 792 pro
671 738 837 779 maestis
869 737 1064 778 lanietur
1094 736 1247 789 pluma
1278 734 1461 788 capillis,

397 815 479 856 Pro
511 815 646 868 longa
677 807 887 855 resonent
918 813 1116 853 carmina
1145 812 1290 852 vestra
1320 811 1451 852 tuba!

341 891 466 943 Quod
500 891 642 932 scelus
674 890 851 931 Ismarii
886 889 1091 943 quereris,
1124 877 1382 936 Philomela,
1414 886 1606 940 tyranni,

397 953 624 1021 Expletast
656 966 784 1007 annis
818 965 903 1006 ista
935 965 1112 1019 querela
1144 964 1235 1005 suis
1250 978 1260 1013 ;

338 1044 468 1085 Alitis
499 1044 547 1084 in
578 1056 686 1084 rarae
718 1042 929 1083 miserum
962 1041 1182 1082 devertere
1214 1041 1373 1082 funus:

281 1141 318 1164 ιο
398 1120 573 1174 Magna,
610 1118 686 1161 sed
718 1118 942 1172 antiquast
973 1131 1105 1158 causa
1137 1117 1302 1158 doloris
1333 1116 1438 1170 Itys.

343 1197 519 1246 Omnes,
555 1210 649 1250 quae
682 1194 850 1249 liquido
882 1194 1054 1236 libratis
1085 1194 1133 1235 in
1165 1207 1262 1235 aere
1295 1205 1459 1242 cursus,

400 1274 463 1315 Tu
493 1276 644 1314 tamen
677 1274 778 1313 ante
811 1273 935 1322 alios,
968 1273 1115 1312 turtur
1145 1270 1296 1319 amice,
1331 1269 1454 1311 dole!

341 1353 477 1393 Plena
509 1352 592 1392 fuit
623 1351 748 1392 vobis
782 1350 904 1391 omni
935 1348 1171 1390 concordia
1201 1348 1303 1396 vita,

399 1427 455 1468 Et
487 1427 608 1468 stetit
641 1425 695 1467 ad
725 1425 860 1466 finem
891 1425 1026 1478 longa
1055 1426 1271 1477 tenaxque
1301 1421 1435 1464 fides:

280 1523 318 1547 15
343 1502 469 1555 Quod
500 1503 584 1543 fuit
614 1502 819 1555 Argolico
852 1501 1024 1542 iuvenis
1055 1501 1253 1541 Phoceus
1286 1498 1462 1548 Orestae,

393 1580 490 1621 Hoc
521 1580 615 1628 tibi,
653 1579 758 1620 dum
789 1579 927 1628 licuit,
960 1579 1157 1632 psittace‚
1192 1578 1338 1618 turtur
1368 1578 1474 1618 erat.

337 1658 451 1710 Quid
480 1660 631 1699 tamen
664 1658 751 1698 ista
780 1656 900 1706 fides,
936 1656 1041 1710 quid
1071 1656 1160 1696 rari
1191 1657 1333 1697 forma
1364 1653 1535 1704 coloris,

397 1733 512 1785 Quid
543 1741 626 1774 vox'
656 1732 882 1774 mutandis
914 1733 1147 1785 ingeniosa
1179 1732 1313 1780 sonis,

290 1855 292 1857 v
336 1809 451 1861 Quid
481 1810 613 1858 iuvat,
647 1812 697 1850 ut
730 1809 858 1850 datus
892 1823 951 1859 es,
984 1811 1145 1849 nostrae
1177 1807 1395 1861 placuisse
1425 1805 1616 1864 puellae?

277 1904 316 1929 20
396 1884 568 1929 Infelix,
604 1885 751 1925 avium
785 1885 937 1937 gloria,
972 1898 1130 1938 nempe
1162 1884 1304 1926 iaces!

337 1961 400 2001 Tu
432 1962 606 2014 poteras
639 1959 817 2012 fragiles
849 1959 1001 2012 pinnis
1033 1960 1238 2000 hebetare
1271 1957 1527 2012 zmaragdos

395 2038 548 2078 Tincta
580 2050 736 2090 gerens
769 2037 901 2078 rubro
933 2037 1100 2079 Punica
1130 2039 1273 2078 rostra
1303 2049 1441 2078 croco.

336 2114 435 2155 Non
467 2114 552 2154 fuit
583 2114 631 2154 in
661 2114 790 2154 terris
823 2126 981 2154 vocum
1014 2113 1295 2154 simulantior
1326 2113 1442 2155 ales:

392 2189 620 2230 Reddebas
652 2189 786 2230 blaeso
817 2192 909 2230 tam
941 2189 1051 2230 bene
1083 2189 1214 2230 verba
1245 2190 1380 2230 sono!

273 2285 311 2309 25
334 2266 503 2320 Raptus
535 2279 581 2307 es
613 2265 804 2306 invidia:
838 2279 930 2306 non
960 2268 1010 2306 tu
1042 2266 1135 2306 fera
1164 2265 1280 2306 bella
1309 2265 1539 2314 movebas;

395 2341 608 2383 Garrulus
642 2345 685 2383 et
715 2341 898 2395 placidae
929 2342 1049 2394 pacis
1083 2343 1252 2382 amator
1282 2354 1389 2382 eras.

335 2419 457 2467 Ecce,
493 2419 738 2460 coturnices
770 2419 886 2459 inter
918 2432 998 2459 sua
1028 2419 1184 2472 proelia
1213 2419 1379 2467 vivunt,

391 2495 598 2537 Forsitan
631 2498 673 2537 et
703 2496 816 2536 fiunt
847 2495 949 2536 inde
982 2496 1232 2548 frequenter
1262 2508 1385 2536 anus.

333 2570 495 2611 Plenus
528 2585 623 2613 eras
655 2572 840 2612 minimo
873 2585 953 2612 nec
985 2585 1074 2624 prae
1107 2571 1325 2612 sermonis
1352 2584 1498 2612 amore

276 2666 313 2690 30
394 2647 448 2687 In
480 2647 644 2688 multos
677 2650 855 2700 poteras
889 2661 966 2689 ora
996 2660 1149 2688 vacare
1183 2647 1326 2696 cibos;
