1786 3034
574 175 754 205 AMORUM
781 175 810 204 Ι.
840 174 854 203 1
864 173 935 203 1-1
945 172 981 203 2.

203 279 405 352 Margine
437 295 486 338 in
517 296 712 338 extremo
744 293 895 335 littera
927 305 1028 333 rasa
1058 291 1208 333 meos!

145 373 263 428 Quid
290 374 455 429 digitos
489 385 602 427 opus
633 374 701 413 est
733 370 921 424 graphio
954 369 1122 410 lassare
1155 366 1384 409 tenendo?

203 438 304 494 Ηόο
334 449 496 493 habeat
529 448 744 503 scriptum
776 449 872 489 tota
904 446 1070 488 tabella
1109 445 1237 487 «veni
1255 445 1288 487 l»

144 529 246 572 Non
277 541 358 584 ego
389 527 595 570 victrices
626 526 753 568 lauro
787 524 996 567 redimire
1029 522 1218 565 tabellas

203 606 295 650 Nec
324 605 511 649 Veneris
542 604 692 646 media
722 617 889 658 ponere
923 602 970 644 in
1003 601 1095 644 aede
1127 615 1303 650 morer;

145 682 430 728 subscribam
468 681 654 724 «Veneri
684 680 794 722 fidas
829 681 914 722 sibi
945 680 1064 722 Naso
1096 679 1328 721 ministras

203 759 416 804 Dedicat:
450 763 495 802 at
525 772 670 813 nuper
700 759 787 800 vile
820 758 968 800 fuistis
1001 771 1142 798 acer».

730 949 828 991 XII.

145 1071 272 1115 Flete
302 1085 427 1115 meos
460 1084 614 1113 casus:
647 1071 799 1112 tristes
830 1069 1000 1111 rediere
1033 1068 1234 1110 tabellae!

205 1149 368 1192 Infelix
397 1148 530 1191 hodie
563 1148 715 1190 littera
745 1160 877 1201 posse
911 1147 1056 1199 negat.

149 1226 312 1269 Omina
342 1229 448 1268 sunt
479 1225 673 1281 aliquid:
705 1224 839 1267 modo
872 1237 972 1265 cum
1006 1222 1230 1264 discedere
1263 1222 1396 1263 vellet

205 1302 276 1346 Ad
305 1304 444 1346 limen
477 1302 639 1357 digitos
677 1302 842 1343 restitit
872 1301 960 1342 icta
990 1300 1126 1354 Nape.

147 1381 288 1423 Missa
317 1382 437 1423 foras
468 1381 631 1422 iterum
663 1380 803 1421 limen
833 1379 1025 1421 transire
1058 1380 1284 1420 memento

209 1458 393 1502 Cautius
425 1461 557 1513 atque
591 1459 679 1500 alte
714 1458 862 1500 sobria
894 1458 1008 1498 serre
1039 1455 1226 1510 pedem!

148 1535 215 1579 Ite
246 1537 365 1587 hinc,
399 1536 615 1587 difficiles,
650 1536 856 1578 funebria
887 1536 1022 1589 ligna,
1056 1533 1244 1582 tabellae,

207 1614 373 1670 Tuque,
405 1615 635 1669 negaturis
667 1627 767 1656 cera
798 1602 962 1655 referta
992 1613 1125 1662 notis,

148 1691 303 1744 Quam,
336 1694 459 1747 puto,
493 1693 546 1735 de
577 1692 722 1746 longae
755 1693 987 1734 collectam
1018 1690 1126 1732 flore
1159 1691 1311 1731 cicutae

207 1769 345 1813 Melle
375 1769 457 1812 sub
489 1770 648 1811 infami
682 1769 862 1812 Corsica
893 1745 1018 1810 misit
1050 1768 1160 1821 apis.

147 1846 206 1889 At
235 1849 464 1902 tamquam
495 1848 637 1890 minio
669 1847 849 1901 penitus
881 1845 1103 1887 medicata
1134 1844 1349 1886 rubebas:

207 1924 290 1966 me
323 1924 447 1967 color
475 1939 577 1967 vere
611 1924 987 1978 sanguinulentus
1021 1926 1125 1965 erat.

149 2001 360 2044 Proiectae
393 2003 537 2045 triviis
569 2003 766 2052 iaceatis,
800 2002 962 2043 inutile
993 2001 1180 2055 lignum,

208 2079 386 2135 Vosque
417 2083 525 2122 rotae
556 2081 734 2134 frangat
764 2080 1074 2134 praetereuntis
1109 2079 1248 2120 onus!

149 2157 284 2200 Illum
315 2159 465 2209 etiam,
499 2159 576 2213 qui
606 2172 686 2200 vos
719 2172 771 2200 ex
802 2158 958 2200 arbore
990 2158 1123 2200 vertit
1154 2158 1204 2198 in
1236 2171 1380 2203 usum,

211 2234 484 2279 Convincam
514 2250 650 2291 puras
680 2250 775 2278 non
807 2236 1017 2278 habuisse
1049 2248 1236 2283 manus;

150 2313 344 2356 Praebuit
375 2314 454 2356 illa
487 2315 617 2357 arbor
647 2315 811 2357 misero
845 2314 1086 2369 suspendia
1119 2313 1247 2359 collo.

212 2390 418 2434 Carnifici
450 2392 568 2434 diras
600 2393 789 2447 praebuit
819 2393 899 2435 illa
931 2406 1106 2442 cruces;

151 2468 238 2511 Illa
269 2468 391 2512 dedit·
422 2473 575 2524 turpes
607 2470 754 2512 raucis
785 2470 1039 2512 bubonibus
1071 2469 1263 2519 umbras,

212 2546 414 2589 Vulturis
445 2548 493 2589 in
525 2549 662 2590 ramis
695 2551 739 2590 et
771 2548 922 2602 strigis
956 2561 1039 2590 ova
1072 2547 1187 2589 tulit.

151 2623 238 2667 His
269 2638 350 2679 ego
383 2626 587 2667 commisi
619 2628 798 2668 nostros
830 2626 1018 2667 insanus
1052 2616 1226 2667 ameres

213 2698 455 2756 Molliaque
488 2702 544 2745 ad
576 2701 804 2744 dominam
834 2702 969 2745 verba
1000 2701 1183 2743 ferenda
1215 2700 1340 2742 dedi!

1487 158 1534 191 29

1494 539 1534 563 25

1498 1785 1536 1809 10

1499 2176 1535 2199 15
