1786 3034
580 160 762 190 Amomm
787 160 834 188 11.
863 158 896 187 4.
1447 138 1489 172 41

169 282 406 327 Carmina:
439 281 511 323 cui
540 281 709 335 placeo,
734 277 940 332 protinus
972 277 1071 330 ipsa
1102 275 1248 329 placet
1263 290 1273 324 ;
1457 289 1494 316 20

106 362 191 406 Est
220 361 372 410 etiam,
405 373 499 414 quae
531 372 603 400 me
635 359 783 399 vatem
816 358 859 397 et
890 367 991 396 mea
1023 352 1221 394 carmina
1248 350 1420 404 culpet:

142 455 146 460 ·
170 439 403 496 Culpantis
435 437 614 492 cupiam
646 434 912 478 sustinuisse
945 433 1099 474 femur.

110 517 312 561 Molliter
341 514 534 558 incedit:
567 515 696 555 motu
728 511 872 565 capit;
909 510 1049 551 altera
1082 507 1259 548 durast:

169 597 227 640 At
257 594 424 651 poterit
455 595 573 635 tacto
604 592 787 634 mollior
819 603 916 632 esse
947 589 1055 630 viro.

107 675 217 718 Haec
240 673 346 730 quia
367 672 495 714 dulce
518 671 640 713 canit
660 669 887 723 flectitque
909 666 1125 709 facillima
1146 678 1311 709 vocem,
1457 682 1494 705 25

171 751 335 796 Oscula
367 748 568 792 cantanti
599 750 727 801 rapta
760 745 934 787 dedisse
966 743 1128 793 velim3

107 831 218 874 Haec
250 828 458 884 querulas
491 827 632 869 habili
663 824 882 880 percurrit
914 823 1074 878 pollice
1108 821 1317 863 chordas:

130 931 133 934 ·
171 907 279 949 Ellam
310 905 464 948 doctas
497 904 595 959 quis
627 916 721 944 non
751 901 896 956 possit
929 914 1076 942 amare
1109 901 1304 941 manus?

110 984 198 1026 ma
227 983 375 1038 placet
406 983 534 1036 gestu
564 993 891 1033 numerosaque
922 978 1129 1020 bracchia
1161 976 1281 1018 ducit

174 1060 232 1102 Et
263 1063 469 1102 tenerum
501 1057 628 1100 molli
663 1059 841 1110 torquet
873 1056 928 1097 ab
962 1058 1053 1097 arte
1086 1054 1230 1096 latus:
1463 1073 1501 1096 30

112 1139 175 1182 Ut
203 1140 378 1181 taceam
410 1136 464 1178 de
495 1149 580 1186 me,
616 1135 692 1189 qui
723 1147 856 1175 causa
886 1135 1048 1187 tangor
1080 1133 1133 1174 ab
1167 1133 1302 1178 omni,

176 1214 275 1258 Illic
306 1213 607 1269 Hippolytum
638 1225 769 1267 pone,
802 1212 991 1265 Priapus
1026 1211 1119 1253 erit.

113 1293 191 1345 Tu,
227 1293 331 1348 quia
360 1295 454 1334 tam
485 1281 622 1345 longa
653 1303 712 1339 es,
746 1292 918 1331 veteres
951 1288 1158 1330 heroidas
1192 1301 1339 1342 aequas

174 1371 232 1413 Et
261 1373 390 1425 potes
421 1370 470 1411 in
502 1371 596 1410 toto
629 1368 773 1410 multa
803 1368 948 1409 iacere
980 1369 1077 1408 toro
1094 1382 1103 1416 ;

114 1449 223 1492 Haec
254 1447 419 1490 habilis
451 1446 666 1489 brevitate
701 1448 847 1487 suast:
883 1457 1142 1498 corrumpor
1173 1446 1384 1499 utraque;
1463 1463 1499 1486 35

177 1521 462 1568 Conveniunt
490 1527 594 1566 voto
626 1524 763 1578 longa
793 1523 1024 1576 brevisque
1057 1535 1170 1570 meo.

114 1604 217 1646 Non
248 1605 316 1645 est
347 1602 492 1644 culta:
527 1602 657 1652 subit,
686 1600 793 1655 quid
825 1601 953 1642 cultae
987 1599 1191 1642 accedere
1223 1600 1377 1654 possit,

178 1679 414 1723 Ornatast:
448 1679 574 1721 dotes
607 1679 784 1721 exhibet
815 1679 916 1733 ipsa
949 1692 1065 1720 suas,

115 1756 318 1801 Candida
347 1771 420 1800 me
453 1757 608 1811 capiet,
644 1757 788 1811 capiet
818 1770 890 1798 me
923 1755 1037 1798 flava
1068 1755 1230 1810 puella,

174 1835 255 1877 Est
287 1835 422 1877 etiam
454 1835 504 1876 in
536 1835 660 1876 fusco
693 1837 819 1888 grata
851 1834 998 1876 colore
1030 1834 1207 1883 Venus;
1465 1853 1503 1877 40

117 1899 207 1956 Seu
237 1911 435 1967 pendent
465 1913 598 1954 nivea
629 1912 743 1966 pulli
776 1912 942 1954 cervice
976 1911 1140 1965 capilli,

175 1989 298 2031 Leda
329 1989 416 2031 fuit
447 1989 577 2043 nigra
608 1988 926 2043 conspicienda
959 2002 1111 2038 coma;

119 2065 210 2110 Seu
241 2066 419 2117 flavent,
454 2067 624 2121 placuit
657 2067 822 2108 croceis
854 2067 1027 2108 Aurora
1058 2066 1262 2120 capillis:

179 2142 398 2186 Omnibus
431 2143 632 2185 historiis
667 2157 713 2185 se
745 2157 873 2185 meus
907 2145 1032 2197 aptat
1064 2156 1200 2184 amor.

114 2219 189 2262 Me
221 2233 338 2262 nova
371 2220 594 2271 sollicitat,
629 2234 700 2262 me
731 2220 877 2274 tangit
909 2220 1050 2262 serior
1082 2223 1214 2261 aetas:
1466 2237 1504 2261 ιε

177 2297 285 2340 Haec
316 2299 476 2340 melior
508 2298 653 2352 specie
687 2299 896 2353 corporis,
931 2299 1012 2340 illa
1045 2299 1175 2352 sapit.

116 2374 330 2439 Denique,
356 2390 464 2431 quas
497 2379 593 2418 tota
625 2377 859 2431 quisquam
892 2377 1049 2431 probet
1075 2377 1192 2419 Urbe
1225 2377 1413 2431 puellas,

179 2453 341 2496 Noster
371 2454 420 2496 in
454 2455 535 2496 has
569 2455 715 2497 omnis
751 2454 1015 2497 ambitiosus
1049 2469 1183 2497 amor.
