1786 3034
0 0 1 20 ἶ
9 0 232 113 ἳέῑῖῖτᾨδεΐᾶῗε
242 2 252 29 ζ·
259 2 269 21 f
339 0 355 11 *‘
363 2 378 10 *⁴

533 186 715 217 moRuM
739 187 786 214 11.
818 183 959 214 15-16.
1463 162 1509 197 57

168 310 294 370 *Neve
323 310 458 352 tenax
489 320 634 349 ceram
667 305 870 358 siccaque
903 315 1080 356 gemma
1111 301 1273 349 trahat,

114 387 281 432 Umida
310 387 517 430 formosae
547 387 731 437 tangam
763 382 890 436 prius
924 394 1001 423 ora
1031 379 1218 434 puellae:

166 466 368 508 Tantum
399 477 457 505 ne
491 462 664 516 signem
697 460 862 513 scripta
895 457 1088 499 dolenda
1119 455 1245 498 mihi.

114 541 167 587 Si
196 543 362 591 trahar,
395 542 444 582 ut
477 538 643 582 condar
674 537 860 579 loculis:
895 536 1010 577 exire
1043 533 1227 587 negabo,

178 620 474 674 Adstringens
507 617 670 671 digitos
704 616 807 657 orbe
840 615 1013 656 minore
1045 615 1160 655 tuos,
1470 628 1508 653 20

115 698 221 741 Non
253 711 334 752 ego
368 695 571 738 dedecori
601 694 684 736 tibi
718 693 814 743 sim,
850 706 950 733 mea
982 691 1085 740 vita,
1121 691 1308 735 futurus,

139 806 143 810 -
180 774 361 828 Quodve
392 776 520 815 tener
551 771 716 825 digitus
750 771 862 812 ferre
896 770 1080 818 recuset,
1118 781 1245 809 onus.

114 852 193 895 Me
225 865 339 908 gere,
374 865 475 893 cum
508 849 663 892 calidis
695 848 977 903 perfunderis
1010 846 1226 888 imbribus
1260 847 1393 894 artus,

179 930 440 984 Damnaque
473 928 554 970 sub
588 940 809 982 gemmam
840 926 987 980 perfer
1019 924 1166 966 euntis
1200 935 1349 977 aquae;

121 1006 224 1058 Sed,
257 1010 379 1063 puto,
413 1009 457 1049 te
488 1005 611 1048 nuda
641 1018 742 1046 mea
773 1004 974 1045 membra
1005 1001 1191 1043 libidine
1226 1002 1418 1054 surgent,
1470 1018 1506 1042 2⁵

180 1085 238 1127 Et
266 1097 479 1140 paragam
510 1085 659 1138 partes
692 1082 854 1123 anulus
886 1081 962 1122 ille
995 1080 1092 1121 viri.

116 1163 264 1206 Inrita
294 1161 401 1218 quid
431 1163 602 1203 voveo?
631 1174 818 1214 parvum
850 1158 1126 1214 proficiscere
1160 1170 1350 1198 munus:

181 1241 267 1283 Illa
298 1239 448 1283 datam
479 1242 626 1282 tecum
661 1238 825 1280 sentiat
858 1251 954 1278 esse
986 1235 1145 1277 fidem!

697 1429 810 1470 XVI.

119 1551 231 1594 Pars
261 1565 332 1593 me
367 1549 520 1593 Sulmo
552 1551 676 1591 tenet
707 1548 894 1601 Paeligni
925 1547 1058 1588 tertia
1091 1546 1218 1594 ruris,

182 1629 333 1679 Parva,
370 1627 447 1670 sed
478 1627 667 1681 inriguis
701 1639 778 1667 ora
811 1625 1001 1667 salubris
1035 1623 1174 1678 aquis.

122 1704 204 1750 Sol
233 1706 338 1748 licet
371 1704 550 1747 admoto
580 1704 788 1745 tellurem
822 1702 964 1743 sidere
996 1700 1148 1750 findat,

183 1783 240 1826 Et
270 1783 406 1825 micet
435 1781 567 1824 Icarii
600 1781 730 1823 stella
760 1782 966 1834 proterva
998 1779 1147 1820 canis:

123 1861 241 1904 Arva
271 1861 557 1916 pererrantur
587 1859 783 1912 Paeligna
816 1858 1089 1912 liquentibus
1122 1856 1255 1898 undis
1492 1874 1509 1897 5

183 1938 240 1980 Et
270 1938 383 1980 viret
413 1938 462 1979 in
493 1939 648 1979 tenero
681 1936 842 1978 fertilis
875 1936 1013 1977 herba
1051 1936 1161 1977 solo.

121 2014 259 2058 Terra
288 2015 410 2057 ferax
442 2013 613 2057 Cereris
644 2014 874 2067 multoque
908 2013 1096 2054 feracior
1127 2013 1237 2061 uvis,

185 2086 273 2129 Dat
305 2100 478 2142 quoque
511 2086 751 2127 baciferam
782 2085 967 2127 Pallada
998 2099 1123 2126 rarus
1158 2098 1273 2138 ager,

124 2164 292 2219 Perque
324 2166 604 2218 resurgentes
637 2163 743 2204 rivis
775 2163 1029 2204 labentibus
1062 2163 1223 2204 herbas

185 2240 454 2284 Gramineus
485 2240 710 2282 madidam
743 2255 906 2295 caespes
941 2241 1174 2282 obumbrat
1206 2240 1406 2281 humum.
1474 2258 1511 2282 ιο

119 2318 338 2360 Αἰμωθυε
370 2318 489 2372 ignis
522 2318 672 2360 abest:
706 2318 838 2359 verbo
872 2318 1151 2372 peccavimus
1188 2317 1306 2358 uno!

187 2395 293 2448 Quae
323 2399 473 2438 movet
505 2396 698 2446 ardores,
736 2400 802 2438 est
835 2396 1015 2450 procul;
1050 2395 1181 2437 ardor
1213 2394 1350 2436 adest.

117 2474 224 2517 *Non
256 2487 349 2528 eg0‚
385 2474 424 2516 si
454 2473 628 2515 medius
659 2474 838 2515 Polluce
871 2476 915 2515 et
948 2472 1127 2516 Castore
1160 2486 1313 2526 ponar,

184 2553 239 2595 In
271 2553 366 2595 caeli
400 2553 495 2594 sine
527 2554 570 2594 te
603 2554 727 2606 parte
762 2552 898 2593 fuisse
930 2551 1078 2593 velim.

121 2629 317 2673 Solliciti
349 2632 524 2672 iaceant
553 2633 757 2684 terraque
791 2632 1051 2683 premantur
1082 2628 1248 2682 iniqua,
1473 2647 1510 2670 ιε

185 2707 240 2750 111
271 2708 428 2762 longas
463 2708 614 2749 orbem
646 2708 722 2763 qui
755 2721 933 2749 secuere
966 2707 1086 2755 vias;
