1786 3034
639 138 820 167 AMORUM
845 139 874 166 1.
903 137 939 168 8.
1497 127 1543 161 ⁶23

155 256 244 299 Nee
275 259 338 307 tu,
374 257 515 312 siquis
548 257 633 299 erit
663 256 823 311 capitis
854 256 1057 299 mercede
1090 256 1359 311 redemptus,-

214 333 429 388 Despioe:
463 334 639 388 gypsati
671 333 840 375 crimen
872 334 1008 376 inane
1040 333 1179 388 pedis.

153 412 245 454 Neo
273 412 319 452 te
352 409 577 465 decipiant
607 414 777 453 veteres
811 412 977 454 circum
1010 412 1124 454 atria
1155 426 1288 455 cerae:
1503 432 1541 457 σε

216 489 340 532 Tolle
371 493 474 533 tuos
507 492 667 540 tecum,
702 504 872 545 pauper
903 493 1089 541 amator,
1126 491 1260 533 avos!

155 568 256 620 Qui,
289 569 394 623 quia
423 569 612 623 pulcher
644 569 738 620 erit,
772 571 926 623 poscet
953 570 1050 612 sine
1071 583 1257 611 munere
1290 572 1480 618 noctem,

217 645 345 698 Quod
377 647 462 696 det,
496 649 743 688 amatorem
777 646 950 701 flagitet
982 650 1085 689 ante
1119 648 1281 689 suum!

154 723 336 766 Parcius
369 724 532 778 exigito
565 725 773 777 pretium,
808 724 915 766 dum
947 725 1060 766 retia
1093 724 1253 774 tendis,

215 802 280 845 Ne
312 802 488 856 fugiant
504 816 515 852 ;
548 804 700 856 captos
734 802 907 855 legibus
941 816 1019 843 ure
1053 803 1170 844 tuis!
1505 823 1542 846 70

153 879 244 921 Nee
275 879 431 922 nocuit
464 879 701 921 simulatus
735 892 861 920 amor
878 895 888 930 ;
923 879 1034 931 sine,
1069 878 1219 921 credat
1251 881 1405 924 amari.

215 957 274 999 At
305 970 422 1008 cave,
456 971 514 999 ne
547 958 685 1012 gratis
718 957 790 999 hic
823 957 907 998 tibi
940 958 1115 998 constet
1149 957 1301 999 amor!

156 1032 281 1089 Saepe
312 1047 430 1089 nega
459 1037 641 1078 noctes:
676 1036 835 1090 capitis
868 1035 1002 1077 modo
1035 1034 1151 1089 finge
1186 1034 1398 1085 dolorem,

213 1112 271 1154 Et
299 1112 448 1164 modo,
483 1126 579 1167 quae
611 1126 769 1155 causas
801 1112 1007 1167 praebeat,
1043 1112 1129 1154 Isis
1163 1113 1271 1162 erit3

153 1189 260 1232 Mox
289 1190 448 1244 recipe,
482 1193 535 1232 ut
565 1191 743 1232 nullum
775 1189 977 1244 patiendi
1010 1190 1191 1244 colligat
1222 1203 1366 1238 usum,
1501 1210 1539 1234 π,

214 1267 332 1310 Neve
364 1267 632 1310 relentescat
664 1281 779 1322 saepe
811 1268 1018 1322 repulsus
1051 1281 1188 1310 amor.

156 1344 298 1388 Surda
329 1346 389 1388 sit
420 1346 567 1388 oranti
600 1349 678 1388 tua
709 1347 857 1396 ianua,
892 1347 991 1387 laxa
1024 1346 1216 1395 ferenti;

213 1424 378 1466 Audiat
410 1425 573 1467 exclusi
607 1425 741 1467 verba
773 1427 977 1478 receptus
1010 1438 1194 1474 amans;

153 1501 222 1552 Et,
257 1501 386 1556 quasi
416 1501 523 1544 laesa
553 1502 687 1556 prior,
723 1515 1066 1555 nonnumquam
1099 1501 1287 1543 irascere
1319 1501 1452 1542 laeso:

213 1578 425 1621 Vanescit
456 1579 589 1633 eulpa
620 1579 753 1633 culpa
785 1593 976 1633 repensa
1007 1581 1099 1620 tua.
1368 1629 1372 1633 ,
1505 1598 1543 1622 so

155 1654 242 1698 Sed
271 1669 518 1711 numquam
550 1656 725 1698 dederis
759 1657 1007 1711 spatiosum
1040 1659 1217 1710 tempus
1250 1655 1299 1696 in
1330 1656 1468 1697 iram:

215 1733 340 1789 Saepe
372 1735 623 1777 simultates
656 1736 723 1776 ira
754 1737 930 1776 morata
961 1730 1079 1776 facit.

154 1811 273 1863 Quin
306 1812 442 1854 etiam
475 1811 650 1854 discant
682 1813 802 1854 oculi
834 1811 1068 1854 lacrimare
1102 1810 1256 1860 coacti,

211 1890 270 1932 Et
301 1891 470 1932 faciant
502 1891 613 1932 udas
646 1891 723 1932 ille
754 1891 828 1932 vel
859 1890 937 1931 ille
970 1903 1135 1943 genas;

152 1967 256 2019 Nec,
290 1969 463 2023 siquem
496 1970 638 2019 falles,
668 1971 716 2011 tu
749 1969 979 2023 periurare
1012 1969 1194 2010 timeto:
1505 1985 1543 2009 ss

213 2043 477 2088 Commodat
507 2046 556 2087 in
587 2046 714 2087 lusus
746 2046 935 2087 numina
967 2045 1098 2087 surda
1130 2044 1295 2086 Venus.

154 2122 316 2166 Servus
349 2126 394 2166 et
426 2124 483 2166 ad
513 2128 663 2178 partes
697 2124 856 2166 sollers
890 2124 1057 2165 ancilla
1088 2125 1315 2177 parentur,

213 2201 299 2253 Qui
331 2202 535 2251 doceant,
570 2204 672 2256 apte
706 2201 812 2256 quid
844 2202 926 2243 tibi
959 2202 1103 2256 possit
1138 2201 1225 2242 emi
1251 2215 1260 2249 ;

152 2278 209 2320 Et
242 2279 327 2321 sibi
358 2293 501 2333 pauca
532 2282 717 2334 rogent:
750 2280 918 2321 multos
953 2280 990 2322 si
1023 2292 1164 2333 pauca
1195 2277 1429 2331 rogabunt,

214 2355 454 2398 Postmodo
487 2355 540 2398 de
575 2357 741 2410 stipula
772 2355 953 2409 grandis
987 2368 1168 2397 acervus
1202 2354 1312 2405 eritsq
1505 2373 1544 2396 90

151 2432 210 2474 Et
242 2445 367 2475 soror
399 2436 444 2474 et
474 2435 628 2483 mater,
663 2434 816 2474 nutrix
849 2446 1021 2487 quoque
1049 2435 1202 2486 carpat
1234 2435 1482 2472 amant-em:

211 2510 286 2552 Fit
317 2511 405 2552 cito
438 2524 519 2565 per
550 2511 717 2552 multas
749 2510 899 2565 praeda
930 2511 1071 2565 petita
1102 2523 1276 2551 manus,

153 2586 266 2629 Cum
297 2590 342 2629 te
375 2587 583 2630 deficient
614 2587 827 2642 poscendi
859 2601 1048 2629 munera
1081 2600 1239 2637 oausae,

213 2665 417 2707 Natalem
451 2665 542 2707 libo
575 2665 815 2708 testificare
847 2666 1001 2707 tuum!
