1786 3034
553 156 734 185 AMORUM
760 156 805 184 11.
835 152 930 183 2-3.
1450 137 1497 171 39

170 279 287 322 Ante
320 289 424 320 suos
458 288 600 318 annos
633 273 807 322 occidit,
841 272 921 314 illa
953 271 1088 313 deast.

110 355 215 400 Vidi
245 368 327 410 ego
360 352 634 408 conpedibus
665 350 853 394 liventia
885 363 1012 391 crura
1044 351 1285 403 gerentem,
1387 364 1409 376 a*
1431 345 1487 385 ass

164 416 302 476 *Unde
332 431 401 474 vir
430 431 653 472 incestum
686 428 798 470 scire
831 428 1008 468 coactus
1043 428 1160 475 erat;

110 511 250 555 Poena
279 510 429 554 minor
458 508 647 551 merito:
680 506 834 548 nocuit
866 505 985 547 mala
1015 504 1170 558 lingua
1204 503 1395 554 duobus;

174 588 255 632 Vir
286 587 449 638 doluit,
482 587 613 628 famae
646 585 811 626 damna
841 583 993 637 puella
1024 582 1141 624 tulit.
1461 603 1499 626 50

112 665 253 711 crede
284 666 411 716 mihi,
445 664 562 707 nulli
595 667 700 705 sunt
731 662 918 704 crimina
951 663 1075 715 ‘grata
1099 661 1276 710 marito,

174 745 265 787 Nec
297 756 577 798 quemquam,
613 741 815 796 quamvis
848 738 1011 788 audiat,
1046 738 1126 780 illa
1157 739 1338 787 iuvant:

113 821 206 866 Seu
236 824 371 876 tepet,
405 820 624 862 indicium
657 831 834 861 securas
866 816 1014 871 perdis
1048 815 1102 857 ad
1135 829 1263 858 aures
1278 831 1288 866 ;

177 899 278 943 Sive
311 901 444 946 amat,
480 896 627 940 officio
659 896 710 938 fit
741 895 878 937 miser
908 894 986 936 ille
1018 896 1108 935 tuo.

117 976 260 1032 Culpa
289 990 373 1019 nec
406 989 459 1018 ex
489 975 612 1017 facili
644 973 846 1028 quamvis
878 972 1118 1014 manifesta
1143 972 1381 1025 probatur:
1463 992 1500 1016 55

176 1055 342 1098 Iudicis
373 1055 456 1097 illa
487 1053 558 1096 sui
587 1055 686 1095 tuta
718 1053 866 1093 favore
898 1050 1033 1092 venit.

43 1121 92 1193 s:
116 1133 292 1176 Viderit
322 1133 420 1186 ipse
451 1131 570 1179 licet,
605 1129 754 1171 credet
786 1131 938 1170 tamen
970 1127 1047 1168 ille
1079 1127 1263 1180 neganti

43 1202 99 1207 ν
177 1208 508 1262 Damnabitque
541 1207 694 1250 oculos
729 1208 772 1247 et
805 1205 889 1246 sibi
920 1204 1053 1246 verba
1085 1203 1220 1246 dabit.
1246 1206 1271 1253 Ἴ

117 1287 348 1344 Adspiciat
378 1286 574 1328 dominae
605 1284 826 1333 lacrimae,
860 1282 1054 1336 plorabit
1086 1284 1128 1323 et
1161 1272 1267 1337 ipse*

178 1366 235 1408 Et
266 1365 383 1407 dicet
419 1376 599 1419 «poenas
631 1362 835 1417 garrulus
866 1361 953 1403 iste
986 1360 1107 1402 dabit
1125 1362 1157 1402 Ξ»
1466 1382 1505 1406 eo

120 1443 237 1496 Quid
268 1442 420 1496 dispar
453 1443 679 1483 certamen
711 1439 831 1481 inis?
862 1439 945 1480 tibi
975 1439 1158 1480 verbera
1189 1439 1305 1481 victo

179 1519 367 1569 Adsunt,
400 1519 450 1561 in
482 1518 651 1572 gremio
683 1517 844 1559 iudicis
875 1517 956 1558 illa
988 1516 1125 1558 sedet.

36 1598 222 1666 (ff‘Non
255 1597 398 1640 scelus
431 1596 725 1650 adgredimur,
760 1608 854 1636 non
886 1594 942 1636 ad
972 1594 1201 1660 miscenda
1235 1595 1404 1636 coimus

184 1676 356 1726 Toxica,
388 1688 483 1717 non
515 1675 668 1717 stricto
700 1673 911 1715 fulminat
943 1686 1048 1714 ense
1080 1685 1267 1722 manus3

126 1753 388 1807 Quaerimus,
421 1755 473 1794 ut
505 1754 602 1794 tuto
635 1765 714 1806 per
746 1753 787 1792 te
821 1750 1046 1804 possimus
1081 1763 1255 1791 amare:
1475 1771 1513 1795 ⁶5

188 1830 305 1884 Quid
335 1830 540 1885 precibus
571 1829 739 1871 nostris
771 1828 954 1869 mollius
988 1839 1084 1868 esse
1117 1829 1296 1880 potest?

721 2020 802 2062 111.

128 2143 183 2186 Ei
213 2142 341 2193 mihi,
376 2141 492 2195 quod
525 2142 754 2185 dominam
786 2154 868 2182 nec
899 2140 967 2180 vir
998 2153 1080 2180 nee
1107 2139 1273 2180 femina
1308 2153 1455 2181 servas

190 2219 349 2263 Mutua
378 2234 462 2263 nec
491 2220 677 2262 Veneris
709 2218 871 2272 gaudia
902 2230 1036 2259 nosse
1068 2218 1222 2271 potes!

133 2297 220 2350 Qui
251 2297 422 2352 primus
453 2297 604 2352 pueris
637 2295 851 2350 genitalia
880 2294 1083 2336 membra
1115 2293 1282 2343 recidit,

192 2375 391 2418 Vulnera
424 2388 519 2429 quae
552 2375 668 2420 fecit,
706 2373 857 2415 debuit
888 2373 984 2426 ipse
1017 2372 1125 2425 pati.

133 2453 288 2496 Mollis
318 2453 367 2494 in
401 2452 663 2507 obsequium
695 2450 927 2503 facilisque
959 2449 1221 2502 rogantibus
1255 2463 1384 2493 esses,
1500 2469 1518 2492 5

197 2528 244 2572 Si
272 2532 378 2572 tuus
410 2530 458 2570 in
490 2529 644 2583 quavis
676 2527 986 2582 praetepuisset
1018 2539 1155 2567 amor.

134 2607 236 2649 Non
267 2609 318 2649 tu
349 2609 481 2648 natus
514 2619 639 2659 equo,
674 2618 766 2647 non
799 2604 987 2646 fortibus
1019 2603 1144 2644 utilis
1177 2603 1324 2651 armis,

197 2683 365 2725 Bellica
398 2696 491 2724 non
523 2682 682 2724 dextrae
716 2682 925 2723 convenit
958 2682 1087 2723 hasta
1118 2684 1219 2722 tuae.
