1786 3034
260 153 306 187 68
842 167 1021 196 Amorum
1045 167 1110 195 111.
1138 166 1172 196 2.

435 285 534 325 Huc
567 283 670 325 ades
705 286 747 325 et
777 297 903 325 meus
934 284 1007 325 hic
1038 285 1118 334 fac,
1153 285 1245 332 dea,
1281 285 1428 326 vincat
1460 286 1612 328 amore
1665 269 1669 271 μ

377 360 576 403 Plaudite
608 361 827 415 Neptuno,
861 361 1052 403 nimium
1085 360 1159 415 qui
1191 361 1370 403 creditis
1401 360 1557 405 undis!
1583 353 1587 357 ⁸

434 438 509 479 Nil
539 438 650 479 mihi
683 452 784 479 cum
813 438 984 491 pelago,
1019 452 1088 479 me
1120 451 1220 479 mea
1249 440 1368 479 terra
1398 437 1527 492 capit.

375 513 540 555 Plaude
572 516 649 555 tuo
683 513 828 571 Marti,
862 514 991 555 miles
1011 515 1136 557 [nos
1170 513 1347 556 odimus
1381 527 1526 556 arma:

316 611 354 635 ⁵0
409 590 523 651 [Pax
553 592 675 632 iuvat
707 594 750 632 et
782 590 928 632 media
958 604 1064 644 pace
1098 594 1295 645 repertus
1329 602 1465 632 amor.

375 668 627 721 Auguribus
658 667 863 718 Phoebus,
896 667 1060 708 Phoebe
1091 667 1358 709 venantibus
1391 666 1519 716 adsit,

434 743 634 785 Artifices
667 745 715 785 in
748 746 790 785 te
822 745 954 794 verte,
990 744 1201 793 Minerva,
1235 757 1421 794 manus;

375 822 592 863 Ruricolae
625 820 771 863 Cereri
805 823 1044 874 teneroque
1078 820 1299 875 adsurgite
1331 820 1517 872 Baccho,

433 899 660 941 Pollucem
690 898 875 952 pugiles,
912 896 1095 939 Castora
1124 898 1270 952 placet
1302 898 1459 952 eques!

315 994 351 1018 55
375 975 464 1017 Nos
495 976 590 1023 tibi,
615 974 778 1016 blanda
808 975 971 1024 Venus,
1006 975 1242 1029 puerisque
1274 975 1531 1030 potentibus
1563 989 1677 1021 arcu
1739 995 1743 998 ·

434 1051 717 1093 Plaudimus:
751 1052 939 1105 inceptis
973 1052 1128 1100 adnue,
1163 1051 1274 1100 diva,
1308 1051 1419 1092 meis

375 1128 526 1182 Daque
559 1141 683 1170 novae
715 1131 910 1170 mentem
943 1128 1157 1170 dominae:
1190 1129 1386 1183 patiatur
1416 1129 1580 1172 amari!

434 1206 601 1247 Adnuit
633 1208 675 1247 et
706 1208 829 1248 motu
862 1206 989 1259 signa
1021 1206 1214 1247 secunda
1245 1205 1375 1248 dedit.

377 1283 502 1335 Quod
536 1283 616 1324 dea
647 1283 865 1337 promisit,
899 1284 1136 1338 promittas
1168 1284 1277 1337 ipsa,
1312 1296 1544 1337 rogamus:

314 1380 352 1404 60
432 1361 542 1401 Pace
574 1360 732 1413 loquar
762 1359 960 1409 Veneris,
995 1363 1045 1402 tu
1077 1360 1158 1402 dea
1188 1361 1332 1402 maior
1362 1360 1462 1402 eris.

373 1437 457 1477 Per
486 1436 568 1478 tibi
600 1439 667 1478 tot
698 1437 795 1477 iuro
829 1438 963 1478 testes
995 1450 1291 1491 pompamque
1323 1437 1517 1487 deorum,

435 1513 491 1554 Te
525 1514 750 1555 dominam
781 1513 911 1555 nobis
942 1517 1118 1567 tempus
1150 1514 1197 1555 in
1231 1527 1361 1555 omne
1392 1514 1495 1567 peti,

377 1589 460 1633 Sed
491 1591 686 1644 pendent
716 1590 796 1632 tibi
830 1604 979 1633 crura:
1012 1594 1151 1644 potes,
1186 1591 1223 1632 si
1256 1591 1367 1632 forte
1400 1589 1585 1640 iuvabit,

434 1666 652 1709 Cancellis
682 1668 850 1720 primos
881 1667 1120 1708 inseruisse
1153 1666 1299 1720 pedes.

314 1763 351 1786 65
374 1743 566 1785 Maxima
597 1744 687 1785 iam
717 1756 855 1784 vacuo
888 1746 1050 1797 praetor
1083 1743 1334 1796 spectacula
1365 1742 1479 1784 circo

433 1819 725 1873 Quadriiugos
757 1834 881 1874 aequo
913 1833 1084 1861 carcere
1115 1820 1238 1861 misit
1271 1831 1418 1874 equos.

373 1894 454 1937 Cui
486 1896 673 1946 studeas,
701 1897 852 1946 vide03
886 1897 1046 1950 vincet,
1080 1897 1339 1950 cuicumque
1370 1894 1566 1937 favebis:

433 1973 546 2025 Quid
577 1973 742 2026 cupias,
775 1973 862 2026 ipsi
893 1973 1003 2014 scire
1034 1972 1239 2014 videntur
1270 1972 1382 2025 equi.

371 2048 443 2089 Me
475 2050 715 2091 miserum!
747 2052 912 2091 metam
945 2050 1141 2103 spatioso
1173 2049 1328 2091 circuit
1360 2047 1475 2090 orbe.

312 2145 349 2169 70
432 2124 545 2177 Quid
576 2126 721 2167 facis?
751 2125 928 2167 admoto
959 2138 1198 2179 proxumus
1231 2139 1308 2166 axe
1341 2125 1471 2167 subit.

373 2202 487 2254 Quid
518 2204 637 2253 facis,
671 2203 858 2244 infelix?
888 2203 1035 2256 perdis
1066 2203 1184 2244 bona
1213 2205 1317 2244 vota
1347 2201 1533 2256 puellae:

430 2272 588 2328 Tende,
623 2293 787 2333 precor,
820 2279 969 2321 valida
998 2279 1095 2320 lora
1128 2279 1308 2321 sinistra
1337 2278 1500 2320 manu!

371 2355 579 2397 Favimus
610 2357 794 2410 ignavo;
831 2356 906 2398 sed
939 2356 1055 2397 enim
1088 2358 1302 2405 revocate,
1337 2354 1541 2406 Quirites,

430 2432 487 2472 Et
518 2432 618 2473 date
651 2433 822 2474 iactatis
853 2433 1048 2486 undique
1083 2433 1208 2485 signa
1239 2432 1380 2485 togis!

310 2527 347 2550 75
370 2508 450 2556 En,
484 2510 715 2550 revocant!
751 2512 807 2559 at,
841 2522 898 2550 ne
930 2509 1076 2550 turbet
1107 2511 1208 2561 toga
1240 2510 1362 2550 mota
1393 2508 1597 2562 capillos,

427 2585 479 2625 In
512 2588 689 2626 nostros
721 2585 855 2627 abdas
887 2588 931 2627 te
962 2586 1065 2627 licet
1094 2599 1232 2639 usque
1266 2586 1403 2627 sinus.

368 2660 547 2713 Iamque
579 2662 733 2714 patent
762 2661 924 2702 iterum
955 2663 1148 2703 reserato
1181 2675 1351 2704 carcere
1382 2667 1554 2717 postes:
