1786 3034
238 120 309 155 260
807 134 862 163 An
882 135 948 163 111.
974 133 1052 172 112,
1069 133 1160 164 1—8.

310 251 358 291 V.
387 251 558 290 45—46.
593 251 677 291 Cur
705 263 776 301 eyo
805 252 885 290 sim
914 252 1052 297 tristis,
1074 263 1171 290 cum
1189 252 1242 290 sit
1261 251 1338 290 tibi
1357 255 1464 291 ‘nata
1479 254 1656 303 reperta,
1677 263 1731 292 so.

238 322 509 372 Proserpina;
540 321 589 361 cf.
619 321 668 360 de
698 334 811 360 sacro
841 323 1120 361 anniversario
1151 321 1309 361 Cereris
1345 322 1458 362 Paul.
1496 321 1607 362 Fest.
1636 335 1667 361 s,
1694 335 1731 363 v,

245 394 393 433 Graeca
420 406 541 433 sacra
584 392 639 443 (p.
669 394 732 432 68.
763 392 825 432 ed.
855 393 1121 444 Thewrewk):
1158 393 1282 431 «festa
1312 392 1470 432 Cereris
1498 405 1548 432 ex
1575 391 1734 432 Graeoia

238 466 451 511 translata,
475 478 562 515 quae
584 465 634 504 ob
653 466 935 504 inventionem
954 464 1209 514 Proserpinae
1230 466 1429 503 matronae
1443 463 1663 504 colebant.»
1681 488 1734 498 —

238 536 470 586 Reynaque
499 548 629 586 quam
656 536 764 574 Iuno
793 540 897 574 sorte
926 538 1089 574 minore
1127 539 1256 585 reflat,
1297 535 1547 585 Proserpina
1583 534 1732 595 infero-¹

238 620 331 646 rum
359 619 533 655 regnum
562 606 697 652 habet,
729 619 852 656 quare
880 606 999 656 Verg.
1028 606 1129 645 Aen.
1171 606 1242 646 VI.
1288 605 1374 645 138.
1415 605 1523 645 Iuno
1562 607 1735 657 inferna

238 679 417 717 vocatur.
446 701 499 705 —
527 683 633 716 sorte
661 680 834 726 minore,
865 678 1065 728 dignitate
1092 678 1266 718 minore.

311 749 359 788 V.
387 748 453 787 48.
483 751 540 788 ad
568 750 758 787 dominos
778 780 786 788 .
809 780 817 788 .
841 780 848 788 .
871 751 977 796 deos,
1007 749 1056 789 ef.
1087 749 1158 788 Ov.
1189 749 1287 788 Her.
1304 749 1339 795 4,
1360 748 1432 787 12:
1460 749 1526 787 «in
1545 746 1734 787 dominos

238 821 303 859 ius
331 819 456 859 habet
484 821 552 857 ille
595 819 711 859 deos»
747 822 788 858 et
815 821 915 860 Hor.
946 821 1080 860 Carm.
1110 821 1143 859 I.
1178 821 1209 867 1,
1241 821 1287 859 6:
1325 819 1565 858 «Terrarum
1606 818 1733 858 domi-

168 894 171 897 '
241 905 315 930 nos
346 891 483 930 evehit
512 891 562 930 ad
593 890 724 931 deos.»

928 1027 1038 1066 XIA.

728 1124 830 1164 Lib.
859 1122 956 1164 III.
987 1125 1099 1175 eloy.
1131 1124 1243 1164 Ila.

311 1247 496 1296 Elegiam
536 1247 609 1286 XI.
653 1249 698 1286 in
740 1248 840 1286 duas
873 1247 1021 1296 elegias
1051 1246 1177 1297 (XIA.
1199 1263 1246 1280 =
1267 1259 1346 1286 VSS.
1371 1247 1524 1294 1—32„
1553 1247 1663 1286 XIB.
1685 1264 1732 1281 =
1784 1286 1786 1291 ,

240 1331 319 1358 ves,
349 1318 536 1368 33ff52.)
569 1317 895 1357 distribuendam
924 1330 1010 1357 esse
1037 1319 1145 1356 recte
1166 1318 1310 1356 statuit
1326 1317 1534 1357 Lucianus
1553 1317 1734 1359 Mueller.

241 1390 291 1428 In
320 1389 429 1429 XIA.
459 1391 581 1439 poeta
609 1391 734 1439 turpe
757 1391 897 1428 amioae
926 1389 1083 1428 fallacis
1116 1391 1256 1438 iugum
1286 1402 1327 1428 se
1357 1388 1552 1428 abiecisse
1591 1390 1735 1438 gloria-

241 1463 319 1500 tur.
349 1460 503 1499 Auctor
533 1461 594 1498 est
620 1461 740 1510 Prop.
770 1460 848 1500 111.
880 1461 941 1499 24.
973 1462 1013 1499 et
1042 1461 1116 1506 95„
1147 1460 1218 1499 ubi
1248 1459 1436 1509 Cynthiae
1464 1458 1630 1509 perfidae
1667 1472 1734 1498 va-

240 1532 391 1572 ledicit.

314 1674 360 1713 V.
395 1674 508 1713 1—-3.
540 1673 675 1713 Multa
703 1675 860 1724 diuque
890 1675 980 1721 tuli,
1013 1672 1153 1712 eadem
1191 1673 1315 1712 verba
1354 1673 1474 1712 initio
1507 1672 1735 1712 hexametri

242 1757 365 1794 supra
394 1745 448 1784 II.
482 1745 542 1790 19,
572 1745 647 1791 49;
678 1744 727 1784 cf.
756 1745 876 1794 Prop.
906 1744 962 1783 II.
985 1746 1019 1790 8,
1045 1743 1299 1794 13—14.(ad
1321 1743 1581 1795 Cynthiam):
1608 1743 1735 1793 «Ergo

242 1817 327 1854 tam
356 1817 507 1854 multos
535 1815 711 1853 nimium
750 1816 991 1854 temerarius
1032 1828 1175 1862 annos,
1216 1814 1422 1865 Improba,
1464 1815 1535 1866 qui
1573 1814 1737 1854 tulerim

240 1888 360 1937 teque
389 1888 583 1936 tuamque
613 1886 791 1932 domum,
822 1886 1099 1936 Ecquandone
1127 1885 1204 1925 tibi
1230 1886 1334 1926 liber
1362 1899 1453 1925 sum
1489 1888 1600 1925 visus
1613 1888 1650 1925 ⁶2»
1683 1908 1735 1914 ——

240 1959 361 2005 viciis,
392 1969 445 1996 so.
474 1960 634 2007 puellae.
664 1981 716 1984 -—
746 1959 880 2007 turpis
909 1971 1038 2005 arnor,
1083 1959 1151 2008 qui
1193 1959 1401 1996 amantem
1441 1958 1655 2004 humiliat3
1685 1957 1734 1996 cf.

240 2029 360 2078 Prop.
391 2028 470 2067 ΠΙ.
501 2029 563 2074 21,
595 2029 669 2068 33:
706 2030 880 2067 «moriar
907 2029 1003 2075 fato,
1033 2042 1120 2068 non
1148 2030 1259 2079 turpi
1288 2029 1440 2067 fractus
1478 2040 1650 2068 amore.»
1684 2049 1737 2055 —

241 2100 411 2139 adserui
437 2101 528 2138 iarn
556 2112 632 2147 me,
665 2112 717 2139 sc,
747 2101 792 2138 in
821 2100 1063 2146 libertatem,
1093 2112 1178 2138 non
1209 2112 1299 2139 sum
1318 2101 1401 2138 iam
1422 2111 1572 2139 servus.
1592 2098 1735 2139 Adseri

242 2171 355 2208 enim
384 2171 430 2208 in
458 2170 689 2208 libertatem
722 2170 962 2210 dicebantur
991 2171 1107 2217 servi,
1140 2172 1208 2220 qui
1237 2170 1647 2210 manumittebantur.

312 2241 360 2280 V.
391 2242 510 2280 6—8.
547 2241 757 2280 Venerunt
787 2242 916 2291 capiti
945 2254 1104 2280 cornua
1131 2254 1224 2280 sera
1251 2254 1354 2290 meo,
1381 2254 1484 2287 sero,
1506 2241 1578 2280 sed
1596 2243 1743 2281 tamen*

240 2313 358 2352 fortis
400 2313 565 2364 (audax)
606 2313 736 2351 factus
775 2325 887 2360 sum;
918 2313 967 2353 ef.
995 2314 1096 2352 Hor.
1127 2313 1260 2353 Carm.
1289 2313 1365 2352 ΠΙ.
1396 2314 1458 2359 21,
1493 2313 1564 2352 18:
1600 2311 1736 2350 «addis

242 2397 396 2423 cornua
423 2384 615 2434 pauperi»
651 2386 690 2422 et
719 2384 790 2423 Ov.
821 2384 867 2423 A.
896 2384 943 2423 A.
973 2385 1006 2424 Ι.
1038 2385 1139 2423 239:
1176 2386 1286 2422 «tum
1314 2396 1470 2434 pauper
1498 2396 1653 2422 cornua
1672 2396 1734 2422 su-

242 2456 352 2494 mit.»
386 2456 513 2494 Poeta
541 2457 635 2494 ante
666 2456 802 2494 oculos
831 2455 974 2495 habuit
1001 2455 1120 2505 Prop.
1150 2455 1204 2494 II.
1243 2456 1278 2500 5,
1314 2455 1479 2494 18—20.
1522 2453 1591 2505 (ad
1631 2453 1742 2504 Gyn-
1784 2506 1786 2509 ι

242 2527 374 2565 thiam
403 2526 649 2576 crudelem):
686 2527 831 2565 «Parce
859 2527 941 2565 tuis
983 2528 1144 2572 animis,
1186 2527 1285 2571 vita,
1328 2538 1474 2565 nocere
1515 2525 1603 2565 tibi.
1642 2524 1735 2566 Non
1784 2562 1786 2566 .

243 2598 375 2636 solum
405 2599 545 2635 taurus
574 2597 669 2636 ferit
696 2598 814 2636 uncis
843 2598 1033 2637 cornibus
1053 2599 1225 2642 hostem,
1248 2597 1400 2636 Verum
1421 2598 1546 2636 etiam
1563 2598 1736 2638 instanti
1778 2594 1786 2642 ἶ

240 2668 338 2706 laesa
366 2670 566 2717 repugnat
597 2669 715 2707 ovis.»
749 2691 800 2695 ——
831 2669 974 2719 Perfer
1002 2674 1040 2707 et
1068 2670 1242 2717 obdura,
1273 2669 1414 2707 eadem
1443 2667 1568 2707 verba
1595 2667 1666 2708 Ov.
1687 2669 1733 2710 A.
1775 2663 1786 2733 'i
