1786 3034
562 179 745 209 Amorum
776 180 841 208 111.
870 177 964 208 2-3.
1470 161 1516 195 69

146 291 150 295 ¹
190 301 351 344 Evolat
381 299 589 344 admissis
622 298 816 341 discolor
848 311 1008 352 agmen
1042 297 1178 351 equis.

125 376 259 423 Nunc
291 378 452 421 saltem
484 390 647 432 supera
679 377 911 431 spatioque
943 375 1125 428 insurge
1157 373 1354 428 patenti:

156 468 158 473 ·
191 455 292 501 Sint
321 470 435 507 mea,
469 457 561 498 sint
592 455 785 498 dominae
817 455 886 496 fac
918 456 1015 495 rata
1045 455 1149 495 vota
1179 451 1316 493 meae!
1477 469 1515 493 so

128 533 246 578 Sunt
277 535 470 578 dominae
502 537 601 576 rata
631 535 736 576 vota
767 546 890 583 meze,
924 544 1024 574 mea
1055 533 1160 573 vota
1193 530 1454 583 supersunt3

189 613 273 656 me
305 615 429 656 tenet
459 613 685 668 palmam:
718 611 870 665 palma
902 608 1094 664 petenda
1125 609 1307 650 meast.»

126 688 248 734 Risit
278 693 323 733 et
355 691 525 746 argutis
557 689 768 744 quiddam
799 687 1007 742 promisit
1039 686 1221 728 ocellis:

190 767 277 811 Hic
309 768 419 811 satis
452 770 519 810 est
530 783 541 818 ;
576 767 666 809 alio
699 769 846 808 cetera
876 765 1009 806 redde
1042 764 1167 806 loco!

724 956 802 998 ΠΙ.

126 1075 241 1120 Esse
273 1077 380 1121 deos
411 1079 441 1130 i,
476 1079 630 1121 crede:
662 1077 797 1120 fidem
830 1078 975 1119 iurata
1008 1076 1182 1126 fefellit,

190 1155 249 1198 Et
279 1156 415 1199 facies
447 1156 529 1207 illi,
565 1171 659 1211 quae
692 1157 778 1199 fuit
809 1160 926 1206 ante,
961 1156 1139 1198 manet!

130 1231 278 1285 Quam
309 1235 470 1289 longos
501 1235 659 1277 habuit
690 1235 893 1277 nondum
926 1234 1105 1289 periura
1137 1232 1336 1287 capillos,

192 1311 302 1355 Tam
331 1313 505 1367 longos,
540 1316 780 1367 postquam
811 1312 1000 1354 numina
1031 1311 1158 1361 laesit,
1194 1309 1350 1358 habet;

129 1387 334 1432 Candida
364 1389 604 1432 candorem
635 1403 764 1432 roseo
798 1389 967 1431 suffusa
997 1388 1157 1430 rubore
1500 1404 1517 1428 ⁵

191 1467 308 1510 Ante
340 1468 450 1512 fuit:
481 1468 613 1510 niveo
645 1468 764 1517 lucet
795 1468 843 1510 in
876 1481 950 1509 ore
982 1465 1140 1515 rubor;

127 1544 215 1587 Pes
247 1548 342 1588 erat
373 1547 584 1601 exiguus:
617 1545 745 1600 pedis
779 1548 846 1588 est
878 1544 1103 1586 artissima
1135 1545 1302 1591 forma;

191 1621 349 1677 Longa
380 1623 628 1677 decensque
660 1623 772 1664 fuit:
805 1623 942 1676 longa
973 1620 1220 1676 decensque
1253 1623 1406 1662 manet
1417 1634 1427 1669 ;

126 1699 322 1754 Argutos
354 1701 537 1744 habuit:
582 1700 759 1743 radiant
789 1703 840 1743 ut
873 1700 995 1742 sidus
1029 1700 1170 1749 ocelli,

191 1778 276 1821 Per
307 1792 417 1833 quos
448 1779 684 1821 mentitast
714 1777 883 1832 perfida
916 1791 1032 1832 saepe
1065 1777 1188 1819 mihi.
1482 1795 1520 1819 ιο

131 1854 312 1899 Scilicet
344 1857 499 1899 aetemi
531 1858 696 1899 falsum
728 1857 874 1898 iurare
907 1855 1070 1910 puellis

192 1934 249 1976 Di
282 1948 456 1990 quoque
489 1934 750 1984 concedunt,
785 1935 1014 1988 formaque
1047 1946 1215 1974 numen
1253 1931 1398 1974 habet.

126 2012 300 2067 Perque
334 2025 439 2055 suos
470 2012 598 2054 illam
630 2025 774 2066 nuper
805 2012 975 2053 iurasse
1009 2010 1216 2052 recordor

192 2090 360 2144 Perque
392 2103 518 2132 meos
554 2090 733 2132 oculos:
768 2091 812 2131 et
844 2089 1025 2131 doluere
1057 2089 1170 2131 mel!

129 2165 290 2217 Dicite,
325 2167 382 2218 di,
417 2168 457 2209 si
487 2181 567 2209 vos
593 2168 764 2221 inpune
798 2167 1019 2209 fefellerat
1050 2166 1139 2217 illa,
1483 2185 1519 2208 ιε

193 2245 388 2287 Alterius
420 2245 570 2287 meriti
602 2258 680 2286 cur
713 2258 793 2299 ego
827 2245 991 2286 damna
1024 2244 1139 2286 tuli?

128 2322 203 2364 An
234 2335 329 2365 non
359 2322 540 2364 invidiae
572 2323 698 2365 vobis
732 2322 927 2377 Cepheia
958 2324 1142 2376 virgost,

194 2399 278 2442 Pro
309 2400 427 2442 male
459 2401 656 2443 formosa
687 2400 810 2442 iussa
841 2403 1026 2454 parente
1058 2400 1205 2441 mori?

130 2477 237 2520 Non
269 2478 377 2520 satis
410 2481 489 2527 est,
526 2478 643 2532 quod
674 2491 754 2520 vos
787 2477 925 2520 habui
960 2478 1055 2519 sine
1089 2476 1285 2530 pondere
1319 2477 1458 2527 testis,

194 2555 252 2598 Et
281 2569 457 2598 mecum
488 2556 612 2598 lusos
644 2556 761 2598 ridet
791 2555 936 2597 inulta
969 2555 1110 2596 deos‘?
1481 2574 1519 2598 20

130 2631 196 2676 Ut
226 2646 307 2675 sua
336 2646 416 2688 per
446 2636 648 2676 nostram
679 2633 870 2675 redimat
900 2633 1096 2687 periuria
1127 2646 1320 2686 poenam,

196 2709 387 2752 Victima
419 2711 630 2765 deceptus
663 2711 926 2765 decipientis
961 2713 1069 2752 ero?
