1786 3034
602 160 783 190 Amomm
808 161 836 190 1.
865 157 960 189 4-5,
1245 151 1247 153 ’
1492 144 1538 178 15

147 279 222 324 Me
252 276 493 322 miserum!
525 279 693 328 monui,
718 291 883 333 paucas
916 277 1035 332 quod
1067 277 1210 332 prosit-
1232 278 1280 319 in
1315 278 1472 318 horas:

209 356 401 412 Separor
432 371 458 398 a
489 355 674 398 domina
705 358 835 397 nocte
868 355 1050 396 iubente
1083 369 1194 396 mea.
1495 373 1535 398 eo

147 435 287 479 Nocte
317 435 387 477 vir
415 433 626 484 includet,
661 433 858 476 lacrimis
892 447 972 487 ego
1005 435 1185 475 maestus
1221 433 1400 490 obortis,

210 511 308 565 Qua
338 511 454 562 licet,
490 510 546 553 ad
578 524 716 553 saevas
747 524 992 566 prosequar
1023 525 1162 565 usque
1196 511 1337 560 fores;

150 589 314 633 Oscula
344 590 435 632 iam
468 592 623 639 sumet,
661 589 751 630 iam
783 603 875 631 non
907 591 1085 630 tantum
1119 589 1270 630 oscula
1304 590 1473 629 sumet:

210 665 340 719 Quod
369 666 482 708 mihi
514 665 593 708 das
625 666 792 717 furtim,
825 666 922 707 iure
956 668 1108 707 coacta
1141 664 1277 707 dabis.

147 743 314 787 Verum
334 743 477 785 invita
498 742 601 786 dato
625 745 765 798 (potes
787 744 888 795 hoc)
912 743 1162 797 similisque
1186 745 1371 790 coactae:
1496 760 1536 784 65

207 822 445 865 Blanditiae
475 825 664 873 taceant,
701 823 844 877 sitque
877 823 1079 876 maligna
1111 822 1289 864 Venus!

150 899 198 943 Si
228 914 330 943 mea
358 903 463 943 vota
492 901 655 950 valent,
691 900 820 942 illum
856 913 1030 954 quoque
1065 913 1120 941 ne
1153 899 1286 948 iuvet,
1324 902 1440 952 opto,

209 976 256 1020 Si
287 978 451 1028 mium,
486 980 531 1020 at
563 980 679 1020 certe
710 980 753 1019 te
785 977 907 1019 iuvet
938 976 1043 1018 inde
1076 977 1217 1026 nihil;

150 1053 236 1097 Sed
267 1068 552 1110 quaecumque
584 1057 738 1097 tamen
770 1058 947 1097 noctem
979 1056 1160 1096 fortuna
1193 1055 1411 1108 sequetur,

208 1132 315 1176 Cras
346 1133 460 1176 mihi
491 1134 716 1176 constanti
746 1147 852 1176 voce
886 1133 1058 1175 dedisse
1091 1133 1230 1187 nega!
1463 1180 1466 1182 ,
1497 1151 1538 1175 70

757 1325 807 1367 V.

146 1445 308 1488 Aestus
340 1448 444 1495 erat,
479 1445 758 1499 mediamque
793 1445 886 1486 dies
920 1447 1122 1497 exegerat
1155 1445 1336 1484 horam:

206 1522 407 1578 Adposui
438 1509 584 1564 medio
618 1523 818 1565 membra
849 1522 1040 1564 levanda
1070 1525 1182 1564 toro.

146 1599 255 1643 Pars
288 1600 498 1655 adaperta
530 1601 626 1650 fuit,
661 1614 764 1654 pars
799 1601 939 1642 altera
971 1601 1123 1642 clausa
1156 1600 1372 1647 fenestrae,

173 1734 175 1736 q
209 1677 348 1730 Quale
381 1679 470 1720 fere
503 1679 625 1720 silvae
658 1679 810 1720 lumen
843 1678 1005 1719 habere
1041 1678 1200 1727 solent,

149 1755 310 1808 Qualia
342 1755 576 1798 sublucent
608 1756 804 1810 fugiente
839 1756 1099 1810 crepuscula
1131 1755 1308 1803 Phoebo,

207 1834 297 1875 Aut
326 1833 404 1875 ubi
435 1847 523 1875 nox
555 1834 675 1883 abiit,
710 1847 792 1875 nec
822 1836 974 1875 tamen
1007 1837 1104 1875 orta
1137 1833 1256 1875 dies:

147 1909 233 1951 Illa
263 1910 523 1952 verecundis
555 1911 630 1952 lux
662 1915 730 1953 est
760 1911 997 1965 praebenda
1029 1911 1204 1965 puellis,

210 1986 307 2039 Qua
336 1988 521 2030 timidus
553 1989 746 2031 latebras
780 1993 926 2044 speret
959 1990 1121 2031 habere
1155 1989 1310 2043 pudor.

147 2064 269 2115 Ecce,
305 2063 501 2108 Corinna
530 2067 666 2117 venit,
699 2068 853 2109 tunica
883 2068 1029 2109 velata
1060 2067 1264 2115 recincta,

209 2141 408 2185 Candida
440 2143 619 2186 dividua
651 2145 766 2186 colla
797 2147 974 2198 tegente
1009 2158 1160 2186 coma:
1494 2162 1532 2186 10

150 2218 351 2271 Qualiter
379 2221 428 2263 in
458 2222 682 2263 thalamos
715 2222 887 2263 famosa
920 2221 1178 2264 Semiramis
1211 2222 1298 2262 isse

207 2296 383 2340 Dicitur
414 2302 456 2340 et
488 2299 642 2341 multis
674 2299 778 2340 Lais
813 2302 956 2341 amata
989 2299 1108 2341 viris.

147 2373 335 2430 Deripui
366 2376 588 2425 tunicam;
623 2390 704 2417 nec
735 2377 929 2418 multum
960 2390 1061 2418 rara
1093 2377 1292 2426 nocebat,

206 2451 437 2507 Pugnabat
466 2454 619 2495 tunica
652 2454 728 2496 sed
760 2457 910 2496 tamen
943 2456 1022 2497 illa
1052 2455 1167 2509 tegi;

150 2527 256 2580 Quae
273 2543 373 2572 cum
388 2530 453 2572 ita
468 2535 698 2585 pugnaret,
717 2535 945 2588 tamquam
964 2547 1059 2588 quae
1076 2533 1252 2574 vincere
1274 2534 1426 2579 nollet,
1493 2553 1529 2576 ιε

208 2606 378 2649 Victast
409 2621 502 2649 non
534 2622 645 2662 aegre
678 2609 928 2663 proditione
969 2624 1059 2652 sua.
1181 2591 1185 2595 ⁵

149 2682 209 2726 Ut
240 2684 364 2726 stetit
395 2687 497 2727 ante
531 2686 682 2728 oculos
713 2688 859 2741 posito
892 2688 1111 2730 velamine
1144 2691 1333 2738 nostros,
