1786 3034
228 106 275 139 24
795 117 972 146 AMORUM
998 118 1026 146 1.
1055 115 1146 146 8—9.

283 256 320 279 95
343 236 406 277 Ne
439 249 617 277 securus
651 237 768 276 amet
800 234 925 274 nullo
957 234 1106 283 rivale,
1141 236 1318 276 caveto:

403 314 502 355 Non
533 312 661 362 bene,
695 312 733 352 si
765 311 896 352 tollas
928 300 1096 364 proelia,
1132 310 1261 352 durat
1293 303 1429 364 amor.

344 390 426 432 Ille
457 390 542 431 viri
572 388 721 430 videat
754 391 849 429 toto
881 388 1069 440 vestigia
1099 388 1214 429 lecto

402 466 624 518 Factaque
656 465 833 505 lascivis
864 463 1002 506 livida
1034 464 1148 506 colla
1178 464 1296 505 notis
1313 479 1323 513 3

345 542 530 583 Munera
561 542 778 595 praecipue
811 540 969 590 videat,
1006 554 1100 594 quae
1132 541 1303 582 miserit
1334 540 1472 582 alter:
1500 597 1503 599 Ι

265 639 320 663 100
406 617 454 659 Si
485 618 654 659 dederit
684 630 830 666 nemo,
860 616 991 658 Sacra
1016 616 1213 669 roganda
1244 617 1369 658 viast.

346 694 456 737 Cum
486 695 627 736 multa
659 695 905 743 abstuleris,
934 697 984 735 ut
1016 707 1108 735 non
1140 697 1292 735 tamen
1324 693 1476 735 omnia
1506 692 1654 743 donet,
1685 705 1688 709 ·

404 772 530 823 Quod
561 784 805 825 numquam
836 771 1004 821 reddas,
1040 770 1301 821 commodet,
1334 771 1432 824 ipsa
1462 770 1596 824 roga!

343 849 516 902 Lingua
547 849 669 889 iuvet
700 849 983 901 mentemque
1014 849 1157 901 tegat:
1190 847 1390 888 blandire
1422 854 1646 900 noceque;

403 925 533 978 Inpia
565 924 645 966 sub
679 924 796 965 dulci
827 924 959 965 melle
993 937 1165 966 venena
1195 924 1348 965 latent.

265 1021 320 1045 105
343 1002 449 1043 Haec
482 1002 520 1042 si
550 1001 809 1054 praestiteris
841 1014 926 1042 usu
956 1001 1069 1042 mihi
1101 1001 1278 1054 cognita
1309 1001 1456 1054 longo,
1532 1048 1535 1053 ¹

404 1078 492 1119 Nec
522 1077 708 1118 tulerint
738 1090 868 1118 voces
901 1079 1059 1118 ventus
1091 1079 1135 1118 et
1166 1090 1274 1119 aura
1303 1090 1440 1128 meas,

345 1153 468 1207 Saepe
500 1154 614 1195 mihi
646 1153 763 1194 dices
794 1154 903 1195 vivae
935 1153 1060 1203 bene,
1096 1167 1210 1207 saepe
1243 1153 1429 1207 rogabis,

402 1230 459 1272 Ut
490 1243 590 1271 mea
622 1229 839 1270 defunctae
871 1230 1067 1271 molliter
1099 1243 1200 1271 ossa
1232 1230 1430 1272 cubent.»

345 1307 439 1348 Vox
470 1308 565 1347 erat
597 1306 644 1346 in
676 1319 818 1355 6111611,
855 1319 954 1346 cum
985 1319 1054 1347 me
1087 1319 1186 1347 mea
1215 1305 1410 1360 prodidit
1440 1306 1608 1356 umbra,

263 1402 320 1426 110
400 1383 456 1424 At
489 1385 651 1423 nostrae
682 1383 755 1423 vix
785 1396 830 1424 se
863 1369 1120 1424 continuere
1152 1396 1324 1432 manus,

342 1459 459 1510 Quin
492 1460 637 1500 albam
670 1472 901 1512 raramque
934 1473 1103 1500 comam
1137 1460 1456 1514 lacrimosaque
1487 1460 1592 1515 vino

398 1535 590 1576 Lumina
621 1549 804 1588 rugosas
836 1535 1218 1589 distraherentque
1251 1549 1399 1589 genas.

339 1612 397 1653 Di
426 1612 509 1653 tibi
541 1612 647 1654 dent
678 1613 914 1666 nullosque
946 1614 1080 1654 Lares
1113 1614 1380 1667 inopemque
1413 1615 1636 1655 senectam

398 1689 454 1730 Et
485 1689 643 1742 longas
677 1689 847 1731 hiemes
878 1694 1228 1744 perpetuamque
1261 1691 1406 1733 sitim!

927 1878 1002 1920 IX.

339 1992 505 2034 Militat
538 1993 682 2034 omnis
716 2007 883 2043 amans,
920 1997 961 2035 et
994 1995 1126 2036 habet
1158 2009 1238 2036 sua
1270 2000 1412 2038 castra
1444 1996 1639 2052 Cupido:

397 2071 552 2118 Attice,
588 2070 714 2111 crede
746 2071 869 2120 mihi,
903 2072 1244 2113 militat'omnis
1278 2086 1444 2115 amans.

340 2146 443 2196 Quae
477 2147 638 2187 bellost
671 2147 843 2197 habilis,
879 2148 1040 2189 Veneri
1074 2162 1244 2203 quoque
1278 2151 1485 2191 convenit
1516 2154 1646 2194 aetas:

399 2223 540 2276 Turpe
575 2237 708 2264 senex
738 2225 881 2275 miles,
916 2226 1041 2278 turpe
1076 2226 1230 2267 senilis
1262 2240 1386 2268 amor
1398 2243 1408 2276 ;
1470 2269 1477 2274 ,

297 2319 314 2342 5
341 2300 459 2350 Quos
491 2301 658 2353 petiere
692 2301 823 2341 duces
857 2302 1030 2342 animos
1063 2303 1110 2343 in
1141 2303 1283 2344 milite
1315 2304 1432 2353 forti,

396 2376 491 2417 Hos
523 2377 637 2429 petit
668 2378 715 2417 in
749 2378 867 2418 socio
899 2377 1016 2418 bella
1047 2379 1198 2431 puella
1228 2380 1345 2428 vir03

336 2452 608 2505 Pervigilant
640 2454 794 2504 ambo;
828 2456 944 2495 terra
975 2454 1210 2507 requiescit
1241 2457 1451 2509 uterque:
1476 2507 1479 2510 ¹

396 2527 479 2568 Ille
513 2529 629 2569 fores
661 2529 851 2570 dominae
885 2534 1042 2580 servat,
1078 2534 1123 2572 at
1154 2532 1229 2573 ille
1263 2532 1414 2583 ducis;

335 2601 491 2644 Militis
526 2603 717 2646 officium
749 2605 928 2659 longast
959 2607 1054 2649 via:
1086 2607 1212 2649 mitte
1244 2608 1453 2661 puellam,
